3624 4736
358 211 1157 304 *Hrsrorrcomnrorseren
1232 209 1238 225 '
1322 229 1416 334 '241³

148 379 209 454 pro
222 351 388 450 vauripnrir
405 356 491 440 τάξιν
506 353 695 430 substituerit
708 353 848 443 rsirvra,
873 355 1046 432 observavit
1056 380 1160 456 nuper
1176 359 1225 435 ill.
1250 361 1416 436 Salmasruv'

142 455 177 524 in
195 460 320 558 Appaer.
336 454 381 526 ad
400 460 575 528 Primatum
589 460 676 560 Papa
687 476 720 552 p.
735 475 787 550 57.
803 456 855 551 58.
869 453 927 526 ubi
948 463 1107 530 &verum
1123 458 1185 528 loci
1202 461 1323 532 Paulini
1338 457 1409 534 sen*

141 549 211 622 sum
230 555 336 651 tetigit
350 555 470 638 verius,
496 578 592 651 quam
607 552 770 651 exposuit,
795 574 888 650 atque
908 551 981 623 tlibi
996 555 1175 624 ulteriorem
1194 561 1259 645 ejus
1272 559 1410 654 explica*

142 648 266 720 tionem
291 649 444 746 promisit.
494 653 583 722 Alias
599 648 681 722 sorte
719 674 756 720 ro
771 648 826 722 hac
843 651 1093 744 interpretatione
1115 648 1287 724 roboranda
1310 658 1408 726 ratio·

139 769 197 820 nes
218 743 323 818 afferre
339 749 373 820 in
390 749 524 843 proclivi
539 746 630 832 esset,
656 675 745 817 nde
762 746 860 818 modo
877 744 966 816 disiis
983 743 1051 818 satis
1066 773 1100 818 ea
1116 747 1267 848 superque
1275 750 1408 822 declara-

141 844 346 916 tavideretur.
397 848 472 916 Nos
486 845 570 915 enirn
584 850 645 933 jam
658 843 918 914 commentarium
936 867 1000 912 non
1022 841 1192 914 scribimus.
1244 847 1358 921 Cuivis
1372 848 1406 920 id

143 939 267 1034 liquido
283 937 442 1012 ostensum
456 939 514 1012 esse
528 940 729 1026 arbitramur,
755 943 859 1012 inanes
868 939 1004 1012 novandi
1020 941 1202 1036 cupiditates
1211 947 1335 1014 monito
1344 943 1409 1016 hoe

141 1034 335 1130 Apostolico
350 1034 430 1108 serio
445 1035 504 1108 esse
520 1037 704 1108 mterdiclas.
753 1035 938 1132 Optandum
955 1056 1057 1106 autern
1075 1037 1165 1122 esset,
1190 1059 1228 1108 ut
1244 1041 1289 1110 illi
1301 1092 1317 1124 ,
1349 1043 1410 1138 qui

142 1155 219 1204 verat
235 1129 388 1229 sapientire
404 1159 441 1205 ac
457 1133 612 1205 bonamm
627 1138 739 1204 artium
754 1135 888 1204 cultores
900 1130 929 1202 se
945 1131 1149 1226 profitentur,
1175 1134 1257 1206 idem
1276 1134 1332 1208 fibi
1349 1161 1408 1207 cu·
1463 1161 1468 1170 ·

139 1251 181 1298 rar
196 1232 350 1329 cordique
364 1228 423 1301 esse
437 1235 471 1302 in
487 1233 574 1328 praxi
588 1227 792 1304 ostenderent.
840 1230 999 1324 Imprimis
1016 1233 1057 1316 ii,
1082 1230 1407 1327 quosdemeliorelw

140 1347 177 1396 to
190 1349 343 1398 aternum
357 1351 476 1400 numen
493 1325 603 1414 finxit,
627 1353 662 1398 ac
679 1325 866 1399 beatioribus
881 1347 994 1396 natum
1007 1326 1135 1398 dotibus
1153 1327 1307 1402 liberalius
1313 1355 1406 1402 exor-

140 1424 246 1506 navit,
270 1425 487 1523 divinioreque
510 1422 659 1496 felicioris
682 1427 800 1522 ingenii
824 1419 966 1494 facultate
988 1423 1025 1493 ad
1041 1421 1159 1496 summa
1182 1449 1316 1525 quaque
1330 1425 1408 1498 asse*

141 1521 267 1617 quenda
283 1518 435 1593 instruxit.
483 1529 568 1592 Inter
584 1519 642 1592 hos
657 1545 763 1594 autem
779 1545 873 1619 quam
890 1521 1022 1595 mraxime
1039 1522 1103 1606 illi,
1129 1524 1186 1621 qui
1207 1527 1346 1596 animum
1367 1523 1410 1597 ad

140 1639 192 1688 eas
209 1643 257 1689 res
272 1620 439 1690 metanda
454 1620 624 1714 applicant,
639 1643 709 1717 qua
724 1621 869 1688 omnium
884 1619 1014 1688 minine
1028 1620 1293 1692 novaturieutium
1300 1621 1410 1693 libili-⁴

143 1716 180 1784 ni
200 1713 343 1786 obnoxiu
366 1713 424 1786 csse
440 1714 603 1788 debebant.
651 1717 785 1785 Divinas
800 1715 942 1811 intelligo
958 1715 1159 1786 revelationes
1177 1719 1273 1787 Sacris
1289 1741 1408 1790 monu-

143 1814 259 1882 mentis
274 1809 486 1910 confignatas,
512 1811 649 1907 fideique
667 1808 779 1882 nostrae
793 1813 910 1908 capita,
936 1835 1008 1880 cum
1030 1814 1084 1898 iis,
1111 1837 1181 1911 quae
1204 1809 1267 1883 bac
1284 1816 1333 1886 vel
1348 1840 1407 1887 co·

141 1909 309 1995 mitantur,
334 1912 384 1980 vel
399 1909 471 1980 inde
486 1903 728 2006 consequuntur.
753 1908 841 1979 Nam
858 1909 930 1977 licet
946 1911 1050 1978 omnis
1067 1911 1230 1984 innovatio
1237 1909 1347 2008 suopte
1355 1909 1410 1984 su·-

140 2000 243 2100 spebla
258 2003 313 2092 stt,
339 2008 443 2076 minus
467 2027 571 2077 tamen
585 2007 618 2074 in
633 2003 782 2074 omnibus
803 2005 868 2074 aliis
883 2001 977 2075 invisa
992 2001 1150 2093 censetur,
1175 2033 1271 2105 quam
1287 2009 1322 2079 in
1339 2007 1409 2095 bis,

140 2101 199 2178 ubi
212 2105 384 2175 novitatem
400 2099 574 2192 affeuanu,
600 2125 685 2173 error
699 2123 735 2172 ut
751 2101 938 2197 proclivior,
962 2103 1004 2172 ita
1016 2109 1050 2172 δι
1065 2102 1266 2197 periculosior
1281 2102 1408 2178 sistere

141 2193 228 2270 solet.
279 2200 437 2298 Equidem
455 2197 619 2297 plerosque
636 2199 781 2270 mortales
797 2201 841 2268 ita
858 2202 1037 2285 acarnania
1056 2198 1170 2285 afficit,
1196 2203 1276 2272 nulli
1295 2205 1408 2274 uti‘rei

141 2293 301 2368 lubentius
318 2298 550 2395 indulgeamus,
575 2317 612 2368 ut
627 2293 672 2366 est
687 2321 772 2366 mens
787 2295 888 2390 noflu
901 2317 983 2392 vaga
995 2301 1301 2367 &novimererum
1316 2298 1408 2393 satis-

133 2393 233 2488 fim,
259 2393 406 2467 sententia
420 2397 572 2466 Romana
587 2389 793 2490 Philosophiae
809 2394 923 2464 Sirenis
938 2395 973 2463 in
990 2393 1104 2487 Consul.
1121 2393 1359 2466 aduersum.
1370 2399 1406 2466 6.

142 2488 285 2562 Maxime
310 2514 414 2564 tamen
430 2497 495 2584 ejus
510 2488 653 2564 stimulos
666 2490 801 2562 sentiunt
817 2515 927 2589 magna
944 2489 995 2562 illa
1010 2486 1162 2589 supraque
1178 2491 1309 2590 vulgum
1326 2491 1407 2563 emi·-

142 2591 250 2660 nentia
264 2589 407 2758 iffippia,
431 2613 502 2689 qua
519 2589 703 2661 nonnullam
717 2587 864 2662 volubilis
878 2584 1088 2660 inconstantia
1105 2611 1267 2660 mixturam
1282 2611 1414 2688 partun-a

145 2703 214 2769 tur,
238 2711 283 2784 qu
374 2684 493 2772 sordet,
520 2685 674 2785 quidquid
700 2688 865 2784 antiquum
881 2683 1001 2783 usuque
1015 2686 1103 2783 vulgi
1117 2688 1227 2758 tritum
1243 2684 1306 2774 est,
1332 2689 1409 2760 ani-

142 2783 261 2879 detque
275 2782 370 2869 nihil,
395 2783 453 2854 nili
468 2784 516 2856 vel
531 2783 570 2855 ab
583 2781 654 2879 ipsis
669 2784 854 2875 inventum,
878 2785 928 2856 vel
944 2781 1031 2880 quod
1047 2780 1109 2879 ipsa
1116 2788 1262 2856 novitatis
1269 2781 1409 2881 speciest

144 2877 362 2952 commendet.¹
381 2887 531 2973 Qrorum
546 2884 681 2976 impetus
696 2903 736 2950 eo
752 2883 896 2967 tandem,
921 2879 977 2950 nili
994 2881 1143 2975 prudente
1159 2883 1278 2952 ratione
1292 2879 1412 2976 guber«

144 2998 260 3066 netur,
284 2981 436 3074 erumpit,
463 3000 499 3049 ut
519 2980 637 3049 veritati
654 2980 826 3076 antiquitus
851 2980 985 3075 cognitae
1008 3002 1044 3048 ac
1060 2974 1200 3073 religiose
1224 2974 1410 3066 observatae,

145 3099 248 3173 quam,
262 3075 311 3145 vel
329 3100 369 3144 eo
385 3077 513 3146 nomine
529 3077 632 3146 snmus
647 3094 844 3160 reverentur,
868 3070 975 3169 sepius
990 3076 1054 3146 vim
1062 3069 1194 3154 faciant,
1207 3075 1285 3144 acin
1293 3070 1411 3160 justum

146 3191 312 3266 propterea
329 3170 538 3242 cordatiorem
553 3171 664 3244 odium
681 3175 849 3244 incurrant
875 3175 952 3242 Sane
968 3195 1042 3240 eum
1059 3169 1115 3266 ipsa
1130 3167 1188 3240 fibi
1202 3167 1275 3241 solis
1289 3192 1325 3240 ut
1335 3175 1415 3243 dtu·

146 3271 312 3360 μαςτῆτιιι
325 3265 438 3353 fidon,
464 3275 498 3338 δι
514 3267 554 3339 ab
567 3270 633 3339 aliis
650 3267 730 3340 bene
745 3292 878 3365 vereque
893 3266 1006 3338 credita
1022 3290 1057 3336 ac
1073 3265 1154 3336 dieta
1169 3267 1233 3338 alto
1246 3264 1414 3364 supercilio

148 3359 336 3460 despiciant,
360 3363 429 3437 fieri
444 3389 510 3434 non
527 3365 647 3462 potest,
672 3366 751 3463 quin
764 3361 817 3434 sua
837 3390 892 3435 eos
908 3363 1060 3433 dissidere
1081 3387 1098 3432 a
1113 3365 1247 3436 veritatis
1261 3365 1343 3436 ,calle
1355 3363 1415 3438 sa-

148 3464 223 3558 pius
239 3453 348 3534 devios
363 3483 452 3559 agat,
476 3482 513 3532 nt
529 3465 563 3533 in
577 3462 730 3533 erroribus
743 3461 871 3532 demum
885 3452 1062 3556 deprebenfi
1077 3457 1265 3534 bominetse
1281 3459 1416 3534 essealiir
1538 3539 1542 3549 Ι

149 3561 364 3670 citius‚quam
382 3557 675 3672 libi‚persuadeant.
700 3559 851 3672 {Exempla
865 3565 898 3628 δι
916 3543 1022 3673 odiose
1035 3555 1125 3671 sunt,
1150 3557 1261 3673 &usatis
1272 3555 1414 3672 aliaspb·

136 3853 189 3928 ,δι
202 3871 284 3990 peut
298 3848 481 3926 invidendas
498 3849 715 3943 miuaidotta,
741 3850 799 3948 qui
814 3875 928 4018 nouH
967 3852 1003 3868 ““
1044 3851 1240 3940 ,nonnam
1254 3852 1431 4038 interpirtq-p·
