3628 4724
401 231 492 317 coo
659 193 779 280 Cnn.
808 191 1034 280 Dromos
1065 195 1134 280 Da
1165 203 1292 283 cans.
1321 151 1476 284 Anien

401 359 617 443 pervenerunt.
657 333 910 412 Eterstantnon
924 339 1325 448 paucioraapud·Eruditoa
1339 340 1472 426 madio,
1521 361 1586 428 ua,
1609 332 1670 416 effi

403 461 566 537 corrupta,
590 440 710 510 utinam
731 435 917 508 ederentur:
949 461 1015 510 non
1036 441 1131 536 pollet
1147 437 1260 510 horum
1275 437 1385 508 Editio
1400 461 1466 508 non
1519 438 1671 526 jumcnto

403 537 462 630 else
484 541 597 634 lingua
620 533 744 606 Latinae
757 529 1028 616 instaurantibus,
1055 534 1283 701 ‹pualiacuntpuc
1299 529 1558 604 etiameaforcnt.
1584 535 1670 606 Uti-

404 659 477 706 nam
499 636 626 704 Festus
649 633 828 725 integer&
848 631 1048 726 incorruptus
1076 627 1238 726 upcrelset.
1264 627 1671 727 Profedioplurirnumhaee

404 755 453 802 res
465 730 605 801 Entditis
619 745 737 824 pareret
751 724 933 798 commodi!-
950 726 1000 798 Ex
1016 723 1180 824 superioris
1193 721 1287 798 seculi
1302 729 1424 798 Lexicis
1439 748 1546 822 prater
1560 748 1668 802 caten

404 823 652 898 commendabile
667 844 747 919 puto
755 821 909 921 Johaonis
916 821 1087 896 Rcuchlini
1093 826 1462 908 Bnuvtoootnnomine
1470 820 1670 923 inscriptum,

403 922 492 1034 quod
514 925 610 992 miror
633 920 756 992 anullo
768 917 976 992 Eruditorum
989 920 1163 1006 laudatum,
1188 944 1264 992 cum
1278 940 1382 990 tamen
1398 920 1500 990 multo
1517 919 1668 1016 praestan-

364 1085 367 1088 .
398 1039 461 1100 ttus
477 1017 514 1090 sn
527 1015 660 1090 inficetis
674 1013 763 1088 balbi
771 1068 783 1106 ‚
808 1013 981 1104 Nestoris,
996 1017 1151 1104 Brittanis,
1175 1017 1386 1112 Huguitionis
1402 1025 1436 1086 δι
1451 1017 1600 1098 aliorum,
1625 1037 1669 1090 ut

400 1136 439 1184 nt
457 1117 677 1198 Veneriorum,
702 1109 934 1194 voluminibus,
961 1136 1030 1209 qua
1047 1134 1152 1185 tamen
1169 1109 1296 1184 Eruditi
1309 1111 1430 1184 laudare
1443 1111 1561 1209 dignati
1576 1112 1667 1189 sunt.

399 1209 473 1282 Nec
497 1212 631 1282 onmino
653 1205 821 1298 abjicienda
843 1205 888 1278 est
902 1215 1040 1279 Gemma.
1049 1215 1248 1281 Gemmarum
1259 1229 1328 1280 ante
1344 1205 1583 1308 sesquiscculurn
1596 1207 1667 1282 hoc

337 1327 341 1333 ’
399 1307 606 1404 promulgata.
632 1311 713 1396 Quae
730 1305 816 1378 enim
832 1306 866 1376 in
879 1301 959 1376 hisce
976 1302 1062 1392 libris
1080 1304 1234 1378 habentur
1247 1312 1366 1402 (aperte
1382 1301 1507 1378 barbara
1522 1307 1670 1402 excipio)

397 1427 434 1476 ca
446 1429 485 1482 en
498 1405 587 1474 variis
606 1398 799 1476 Aunoribaa
813 1400 1048 1474 contuentibus
1065 1423 1134 1477 tum
1146 1399 1390 1489 recentioribus,
1414 1425 1553 1515 cpuonrm
1582 1403 1665 1474 luri·-

399 1501 444 1570 mi
460 1502 630 1588 etiamnum
644 1493 822 1594 supersunt,
846 1520 1039 1593 comportata
1054 1497 1205 1574 videmus.
1254 1505 1337 1590 Qnae
1353 1497 1416 1570 sola
1431 1497 1509 1570 mibi
1630 1519 1667 1587 t,

399 1619 437 1674 ex
452 1593 630 1676 auiiocibus
642 1597 692 1667 uel
702 1592 801 1670 adlruc
817 1595 940 1666 ineditis
954 1597 1004 1670 vel
1018 1597 1108 1693 plane
1119 1593 1233 1676 aioilsac
1250 1593 1425 1672 conservata
1438 1594 1665 1670 remanserunt.

781 1783 1058 1872 CAPUT
1113 1786 1368 1881 XXIII..

420 1983 422 1986 ’
467 2022 471 2028 -
580 1967 730 2050 ‘Veterum
746 1961 1027 2048 Gnarnmaricorum
1042 1973 1242 2074 indiligentia
1257 1979 1291 2046 a'n
1306 1999 1470 2078 exempta-

866 2069 905 2140 do
931 2087 979 2145 0*
1003 2069 1187 2146 annotando.
1486 2093 1487 2096 ¹

460 2287 747 2342 ocunonnronan
775 2271 828 2340 lon
851 2294 868 2338 c
887 2269 1003 2339 Latina
1020 2271 1150 2368 Lingua
1165 2267 1382 2364 snpdlcdcilem
1398 2263 1581 2340 haberemus
1594 2264 1661 2339 110⁴·

483 2361 551 2450 die,
577 2363 635 2437 nisi
653 2369 804 2436 Veterum
821 2293 1110 2436 grammaticorum
1127 2366 1319 2463 indiligentia
1332 2361 1474 2461 pluribus
1490 2362 1584 2436 bonis
1590 2365 1662 2435 Di-

364 2537 368 2542 ,
393 2458 550 2530 &tionibus
565 2487 623 2532 nos
637 2458 814 2532 mulstasset.
840 2457 1012 2532 Potuilscnt
1028 2463 1051 2532 ii
1067 2463 1100 2531 lo
1144 2487 1162 2531 e
1175 2464 1263 2558 plura
1275 2483 1434 2546 annotare,
1459 2460 1659 2534 Auctoribus

394 2558 521 2652 integris
548 2577 617 2627 turn
639 2553 874 2651 superstitibus:
900 2555 949 2628 sed
966 2559 1107 2630 contenti
1138 2556 1220 2630 bros
1237 2579 1358 2630 tanturn
1374 2555 1581 2630 consarcinare
1594 2581 1660 2654 pro

392 2650 495 2720 lubitu
510 2673 563 2721 ant
576 2673 781 2739 annotarunt,
804 2675 859 2723 aut
871 2649 1059 2740 omiserunt,
1084 2678 1155 2752 quae
1171 2653 1242 2750 ipfis
1258 2651 1330 2728 visa.
1353 2654 1451 2727 Unde
1463 2657 1498 2726 in
1513 2656 1657 2728 illiadu-

391 2744 548 2834 dnobus,
574 2749 631 2845 qui
643 2743 811 2820 conservati
824 2747 862 2820 ad
877 2747 979 2820 nostra
992 2745 1089 2848 usque
1102 2773 1240 2848 tempora
1246 2751 1574 2850 pervenerunt‚longe
1581 2752 1656 2846 plu-

391 2870 423 2914 ra
438 2845 631 2930 invenimus,
657 2867 753 2940 quam
770 2843 889 2917 haurire
900 2849 1104 2940 potuilsemus
1120 2874 1157 2919 cx
1173 2847 1416 2936 Grammaticis,
1441 2847 1654 2920 sillinucto

390 2965 437 3014 tes
452 2939 615 3036 periilsent.
664 2940 767 3030 Quod
783 2939 902 3034 sridcm
918 2944 950 3014 in
962 2943 1078 3030 arniffis
1092 2942 1299 3042 scriptoribus
1315 2964 1463 3043 egerunt,
1488 2944 1653 3040 naedcplo-

389 3039 482 3112 canda
495 3035 539 3110 est
553 3040 680 3110 illorum
694 3039 808 3127 jadinra
816 3089 827 3124 ,
853 3063 1018 3137 perquam
1033 3063 1115 3112 tanta
1129 3068 1233 3114 rcrum
1249 3048 1431 3114 &vocumc
1499 3043 1653 3126 irionem,-

387 3137 453 3206 rcre
470 3131 562 3205 nobis
579 3131 694 3208 neeesse
706 3131 759 3205 est.
786 3139 866 3206 Sunt
878 3137 970 3207 eciam
984 3137 1172 3236 quandoque
1188 3165 1256 3210 non
1274 3139 1351 3211 adeo
1358 3137 1450 3210 bona
1483 3137 1552 3228 dei,
1575 3161 1651 3234 pro-

386 3233 547 3326 deuntque
559 3229 621 3302 sinc
637 3232 799 3326 exemplo,
826 3230 881 3302 ubi
895 3234 934 3302 iis
951 3252 1056 3306 tamen
1070 3238 1203 3316 maxime
1221 3260 1318 3334 opus.

434 3331 518 3400 Vere
535 3329 629 3439 igitur
646 3325 793 3397 Nobilils.
803 3324 1041 3414 Dn.Barthius,
1052 3331 1081 3404 l.
1098 3350 1150 3424 59.
1159 3357 1187 3398 o.
1200 3339 1252 3405 16.
1262 3335 1319 3404 col.
1331 3333 1428 3404 2811.
1445 3330 1484 3402 dc
1507 3331 1568 3403 iis:
1594 3327 1648 3422 Est

254 3511 257 3518 ,
385 3419 549 3520 hoc'genar
562 3443 610 3491 rra
631 3425 857 3511 conciliarum,
889 3444 922 3493 ar
945 3428 1040 3494 altero
1055 3425 1136 3496 alter
1151 3433 1433 3501 Grammaticorum
1444 3429 1516 3528 plus
1534 3429 1650 3524 legrffl,

385 3522 520 3614 amplius
536 3515 697 3616 obfmnasse
717 3519 821 3588 videri
855 3545 916 3614 qna
923 3523 995 3616 jam
1006 3546 1068 3618 qna
1089 3528 1206 3622 injuria
1220 3527 1309 3597 velit.
1359 3525 1447 3594 Unda
1464 3546 1580 3620 magna
1593 3527 1649 3592 vis

385 3620 607 3688 contentionum
622 3626 669 3684 (ν’
684 3621 884 3709 negationum
900 3619 1070 3710 illisfarur’s
1082 3616 1193 3692 obnata
1207 3620 1332 3719 eliqua
1342 3645 1489 3718 magnam
1501 3625 1575 3693 totis
1581 3621 1649 3691 ala}

382 3712 505 3816 qnando
523 3714 639 3810 linguis
655 3709 837 3794 &omnibns
850 3713 962 3786 litteris
976 3713 1117 3787 nebulam
1129 3716 1266 3810 obfudit,
1276 3724 1324 3790 ati
1335 3719 1462 3796 tandem
1474 3717 1518 3790 ad
1527 3719 1647 3788 Grata·

379 3816 512 3888 marios
535 3804 748 3909 intelligendos
761 3812 985 3886 Grannmaricia
1001 3832 1073 3912 opus
1079 3815 1192 3916 sarrin
1239 3816 1284 3890 Et
1297 3813 1334 3890 de
1349 3838 1459 3890 corum
1474 3813 1646 3914 indiligen-

1598 3933 1645 3984 na
