3658 4728
418 239 498 339 309
578 209 1520 329 JournwaunrarnrDrtannr

417 354 515 426 modo
531 347 664 442 decidit,
690 379 727 428 ut
740 352 892 428 Eusebius
909 355 1026 430 ibidem
1043 353 1144 430 refert.
1196 349 1302 451 ipsum
1318 371 1422 422 autem
1444 351 1552 420 omnia
1578 345 1680 421 Cast·-

419 450 524 524 ricnsrs
543 455 659 547 Synodi
675 453 741 524 atta
755 446 983 550 comprobasse,
1008 477 1061 527 aut
1074 451 1244 528 Ecclesiam
1259 449 1397 539 ejusdem
1412 449 1520 544 placita
1535 471 1594 541 pro
1615 448 1680 516 Ca·

242 607 246 615 .
356 618 361 624 ,
417 539 545 618 tholicis
560 548 760 646 dogmatibus
778 549 951 650 agnovisse,
977 578 1072 626 nemo
1088 550 1145 624 nist
1162 552 1257 621 invita
1267 545 1519 618 veritatedirterit.
1548 549 1679 640 ILSyn-

418 643 474 718 odi
500 643 585 714 illius
612 643 803 718 Caesariensts
823 651 889 720 aeta
906 674 940 718 ac
954 647 1037 746 gella
1052 653 1133 720 inter
1146 643 1356 718 obscurissima
1371 638 1451 712 sunt
1502 642 1611 712 Multae
1627 641 1679 712 hic

417 741 494 810 randi
520 767 558 809 ue
574 741 714 812 tenebrae.
764 744 859 815 Nihil
876 743 1024 817 habemus
1039 772 1077 816 et
1094 743 1158 816 iliis
1172 739 1339 839 superstes,
1363 759 1471 836 prater
1487 740 1614 809 unicum
1639 739 1680 808 il·

418 836 472 906 lud
490 767 717 934 liagmentutm
744 842 830 938 quod
845 841 925 936 apud
942 843 1056 914 Berlam
1073 840 1178 914 exstat.
1226 841 1313 910 Hinc
1332 840 1366 906 in
1387 836 1536 907 Editione
1559 837 1682 906 Conci-

419 933 535 1002 liorum
552 938 673 1004 Veneta
687 943 752 1026 ejus
765 939 835 1010 vola
852 959 905 1008 aut
923 938 1087 1036 vestigium
1101 939 1222 1008 nullum
1241 953 1384 1032 apparet,
1410 957 1467 1004 nec
1483 931 1564 1027 apud
1578 931 1682 1004 Polle-
1802 977 1803 1018 4

417 1030 530 1104 vinum
543 1031 577 1100 in
593 1035 763 1127 Apparatu.
816 1039 884 1105 Sev.
905 1038 1013 1106 Binius
1028 1035 1106 1106 hanc
1122 1035 1284 1130 Synodum
1302 1034 1383 1102 inter
1398 1030 1469 1098 alias
1483 1030 1516 1098 in
1541 1025 1594 1098 sua
1618 1025 1680 1099 ftr-
1802 1073 1803 1090 t

418 1127 524 1222 regine
546 1127 826 1222 repraesentaturus,
851 1130 928 1202 nihil
945 1158 980 1202 us
1005 1159 1076 1203 uam
1093 1133 1230 1205 invenite
1246 1131 1369 1225 potuit,
1396 1121 1682 1223 quoeamillustm-

418 1243 483 1322 ¹ret,
512 1245 620 1318 praeter
635 1222 728 1296 lolam
747 1251 814 1296 earn
833 1227 921 1298 Bedae
937 1159 1182 1326 desiriptionem.
1231 1230 1324 1298 Num
1338 1244 1442 1296 autem
1456 1219 1683 1294 Bedaecerriffi·

286 1397 288 1400 ,
419 1343 470 1389 ma
485 1319 536 1389 hic
551 1319 627 1390 sides
642 1316 745 1392 haberi
761 1323 874 1418 poffit,
899 1349 960 1422 ego
976 1353 1042 1396 non
1057 1327 1195 1398 dixerim.
1221 1325 1393 1396 Recentior
1408 1342 1492 1390 certe
1507 1316 1567 1414 est,
1587 1321 1683 1486 qugp·

418 1439 460 1582 pe
475 1418 535 1512 qui
550 1417 583 1484 in
599 1413 701 1486 seculo
714 1418 840 1492 demum
855 1416 967 1492 o's'ovo
981 1422 1108 1513 slortrit,
1135 1446 1231 1520 quem
1249 1445 1285 1494 ιιι
1296 1420 1335 1491 de
1349 1417 1404 1490 hac
1421 1414 1548 1511 Synodo
1558 1471 1565 1498 ‚
1576 1415 1624 1488 sec
1658 1440 1681 1487 ο

434 1511 557 1583 ecundo
573 1512 741 1601 celebrata,
769 1519 940 1616 quidquam
954 1520 1077 1616 liquido
1093 1539 1288 1614 compertum
1302 1515 1412 1588 habere
1480 1515 1581 1584 tuerit.
1641 1513 1682 1584 ld
1805 1515 1806 1518 ’

420 1603 486 1678 scio
495 1661 505 1693 ,
532 1610 619 1706 quod
634 1613 667 1680 in
683 1609 773 1702 hujus
787 1614 880 1710 ipsius
899 1615 1042 1687 Concilii
1058 1615 1262 1688 delineatione
1276 1639 1342 1686 non
1357 1612 1424 1684 laris
1461 1636 1518 1682 ene
1532 1609 1589 1680 srbi
1604 1635 1685 1684 con·

421 1701 499 1790 stet,
526 1727 563 1776 ut
587 1733 661 1778 mox
679 1706 805 1803 patebit.
855 1714 927 1782 Nec
944 1713 1018 1785 illud
1037 1716 1169 1812 ignoro,
1193 1710 1281 1810 quod
1305 1707 1496 1783 doffiffimus
1521 1704 1686 1778 Casaubo-

421 1826 483 1874 nus
512 1808 620 1875 Exere.
645 1809 682 1873 X
679 1809 709 1872 V
708 1809 737 1874 1.
738 1808 769 1898 f
785 1831 861 1878 102.
878 1812 962 1878 illius
971 1813 1165 1904 facilitatem
1180 1815 1213 1882 ire
1226 1810 1331 1877 multis
1345 1805 1517 1889 credendis,
1543 1831 1603 1899 que
1614 1810 1687 1894 pri·

423 1924 480 1969 ora
490 1902 593 1990 secula
607 1927 668 1970 reon
681 1902 856 1997 credidere,
880 1907 1046 1978 Mardum
1053 1911 1218 2005 stespesiem
1226 1902 1387 1996 sehabet,
1397 1901 1588 1999 pmfiteatur.
1613 1903 1685 1973 Eu·

421 1993 524 2068 sebius
543 1998 670 2094 quidem
686 1999 740 2074 lib.
753 2009 805 2071 cir.
822 2029 848 2072 c.
862 2027 916 2072 22.
934 2005 1028 2089 dicit,
1053 2005 1210 2076 decremm
1228 2000 1307 2073 illud
1320 1999 1548 2099 Episcoporum
1569 2002 1603 2068 in
1624 2007 1688 2080 Pa·

423 2091 539 2162 lastina
552 2118 799 2169 convocatorum
815 2099 851 2172 ad
869 2095 952 2172 suam
969 2097 1066 2199 usque
1091 2125 1210 2174 etatem
1232 2098 1350 2194 scriptis
1373 2097 1563 2172 tullodittun
1585 2092 1685 2168 fuisse.

422 2193 473 2260 At
489 2214 567 2259 num
583 2190 619 2263 ad
637 2218 746 2264 manus
761 2197 852 2268 Beda
866 2197 941 2270 illud
957 2201 1147 2294 pervenerit,
1173 2223 1239 2270 noo
1253 2198 1362 2294 liquet.
1412 2192 1686 2290 Sanesrperrenis-

423 2281 486 2372 set,
514 2289 566 2358 vix
581 2289 658 2358 adeo
676 2289 965 2382 linteaminum,
990 2295 1065 2367 dum
1081 2295 1137 2366 hac
1155 2297 1192 2366 dc
1209 2291 1393 2366 redisse'ruit.
1442 2291 1684 2388 Facilequoque

422 2379 521 2479 spatio
536 2385 673 2456 CCCL.
690 2413 863 2476 annorum,
889 2395 946 2488 qui
960 2395 1040 2464 inter
1055 2389 1181 2462 Eusebii
1195 2399 1228 2462 &
1244 2391 1334 2461 Bedae
1348 2410 1448 2460 aetates
1462 2391 1497 2460 od
1515 2390 1685 2461 minimum

423 2478 672 2567 intercesserunt,
698 2481 777 2556 istud
794 2486 831 2559 de
871 2491 929 2559 rire
947 2493 1060 2586 potuit.
1084 2529 1086 2532 ·
1114 2495 1220 2577 Quare
1235 2488 1367 2558 aliorum
1384 2488 1684 2560 narrationesactra·

423 2576 557 2646 ditiones
574 2580 653 2648 Beda
668 2576 799 2652 foraffis
815 2511 1013 2672 ddunrs'est,
1040 2594 1073 2657 &
1090 2581 1179 2656 facile
1193 2583 1257 2656 falli
1277 2585 1389 2682 quivit.
1446 2585 1518 2654 Nec
1544 2582 1683 2654 Scholia-

423 2669 462 2742 sti
480 2673 568 2742 Bedae
583 2672 757 2747 Brideferto
775 2679 979 2770 Ramesrensr,
1006 2708 1102 2781 quem
1116 2686 1209 2755 etiarn
1223 2704 1260 2751 ut
1275 2685 1338 2752 anti
1362 2705 1439 2752 uum
1455 2679 1562 2751 testem
1585 2681 1681 2751 advo·

423 2779 477 2866 cat‘
494 2771 656 2867 langius,
688 2795 808 2847 tantum
834 2781 924 2874 pretii
950 2777 1140 2866 statuimus,
1174 2785 1295 2868 orejus
1310 2707 1525 2849 tellimonium
1546 2801 1606 2872 pro
1629 2779 1680 2848 in·

424 2863 567 2936 dubitato
599 2867 809 2966 agnoscamus.
851 2881 933 2966 Quae
953 2881 1038 2948 enim
1059 2878 1213 2950 certitudo
1230 2903 1247 2946 a
1262 2873 1508 2959 Monachoisto‚
1535 2875 1684 2971 quideci-

424 2965 480 3032 ιιιιο
497 2962 623 3036 demum
640 2961 744 3039 leculo
761 2972 854 3056 vixit,
881 2969 1045 3068 exspesiari
1062 2978 1199 3070 poterit?
1217 2979 1278 3044 ΙΙΙ.
1308 2975 1342 3042 Si
1355 2973 1403 3043 vel
1420 2973 1483 3045 stne
1499 2974 1589 3044 omni
1598 2969 1684 3042 hest-

425 3061 541 3130 ¹tatione
556 3062 646 3134 Beda
660 3067 872 3139 austoritatem
886 3070 1100 3158 admittamus,
1128 3072 1245 3169 Synodi
1260 3093 1363 3140 tamen
1379 3067 1464 3140 istius
1473 3067 1634 3154 definitio,
1660 3067 1685 3140 st

425 3157 524 3228 'modo
540 3165 605 3245 ejus
623 3158 676 3247 fit,
702 3183 821 3236 tantum
838 3168 961 3261 pondus
976 3167 1087 3240 habere
1101 3195 1168 3240 non
1183 3165 1310 3265 potest,
1341 3189 1377 3236 ut
1402 3170 1516 3262 Longii
1540 3166 1686 3261 opinioni

426 3255 565 3322 ‘colorem
582 3255 717 3352 aliquem
735 3261 839 3348 addat,
866 3289 939 3334 cum
956 3291 990 3335 ea
1008 3269 1039 3334 in
1055 3267 1122 3336 aliis
1136 3291 1202 3336 non
1219 3289 1328 3361 parum
1344 3261 1568 3334 exorbitaverit.
1595 3265 1684 3332 Nam

415 3343 617 3446 quissent,
644 3355 731 3448 quod
755 3356 792 3426 ab
809 3361 896 3430 eade
913 3358 1045 3432 Paschsli
1063 3365 1197 3432 termino
1213 3383 1283 3432 ante
1305 3361 1545 3458 AEquinoettum
1568 3356 1686 3430 consti-

428 3445 546 3514 tuendo
562 3444 799 3522 detennimtum
818 3453 882 3526 est?
910 3456 998 3528 Cum
1021 3461 1105 3529 enim
1119 3460 1361 3556 AEquinoslium
1387 3459 1421 3528 in
1444 3461 1550 3530 XXV.
1575 3456 1686 3528 Martii

426 3537 583 3637 poluerit,
608 3541 721 3616 Pascha
736 3547 938 3623 nihilominus
956 3554 1061 3627 triduo
1074 3559 1177 3651 prius,
1205 3579 1316 3651 nempe
1333 3557 1390 3624 XI.
1401 3555 1471 3625 Kal.
1486 3553 1613 3650 Apriles
1634 3554 1687 3622 in-

428 3637 514 3710 dicit.
564 3635 747 3712 Absurdtrm
765 3668 846 3715 certe
861 3645 922 3721 hoc
939 3647 1002 3737 est,
1029 3659 1063 3724 δι
1082 3656 1142 3724 toti
1155 3651 1299 3736 Ecclesrae
1319 3650 1406 3736 τάξει
1414 3671 1582 3749 repugnat,
1599 3647 1687 3749 quod

429 3733 492 3827 ipse
509 3739 646 3835 Longius
663 3764 728 3812 non
747 3739 928 3818 diffitebitur
942 3770 1071 3843 propter
1084 3775 1138 3836 ea,
1165 3775 1234 3846 quae
1249 3749 1302 3820 leb.
1311 3753 1339 3818 I.
1348 3773 1374 3819 c.
1384 3754 1461 3832 VII,
1476 3751 1557 3818 resse
1571 3747 1611 3820 de
1628 3754 1689 3819 Pa·

323 3839 329 3850 '
429 3827 538 3903 lehrtis
552 3831 775 3910 constitutione
788 3844 921 3914 monuit.
972 3845 1098 3924 Deinde
1116 3845 1203 3945 quod
1217 3847 1455 3945 AEquinoc‘lium
1471 3847 1577 3920 XXV.
1598 3848 1689 3957 Mar·

947 4009 951 4016 .
996 4005 1000 4014 .
1344 4012 1347 4022 ,
1647 3962 1689 4012 trr
