3658 4728
1162 59 1184 190 l

394 179 465 306 Dr
496 207 774 294 Aruarrouu
806 206 1006 294 Scrnrut
1035 205 1245 320 Juutteu
1358 223 1436 332 385

176 349 373 432 duetilfimus
386 353 567 428 Ttmouius
580 350 637 426 ubi
655 367 683 439 §.
694 353 725 424 8.
741 352 849 424 lorum
864 341 948 423 hunc
964 349 1250 450 ininterpretatum
1276 350 1439 450 Jrleetrn

174 449 288 546 defieret
309 451 368 550 esse
389 449 486 522 triber
495 451 686 548 peculiaris,
711 464 758 520 θ
775 475 797 520 e
810 451 939 545 reliquis
952 473 1012 519 non
1024 448 1175 543 difficile
1191 450 1298 536 mdc,
1316 451 1372 543 sed
1381 470 1435 528 en·

178 538 302 620 entant
321 551 473 645 majerum
497 549 625 642 reliquls
641 547 846 630 antecellens,
870 571 965 641 neque
977 545 1074 616 deerit
1088 553 1144 642 qui
1155 549 1235 642 leges
1249 551 1436 623 animamu-

179 647 222 716 let
238 646 392 730 inculcet,
417 645 663 740 &exsequium
689 643 734 715 Et
749 651 775 727 §.
790 665 842 712 11.
861 641 955 737 Jude
971 667 1032 710 non
1045 642 1156 736 desseret
1173 649 1222 735 effe
1235 642 1332 715 tribus
1346 653 1435 736 telis,

169 745 266 840 eujus
271 743 407 834 familie
425 756 472 814 ot*
485 740 597 840 stirpes
610 739 746 834 deflintle
762 743 919 810 numerari
928 737 1035 839 ptffiut
1043 790 1054 824 ,
1078 763 1116 810 ec
1130 743 1219 812 linea
1232 742 1376 818 Decidit
1384 748 1436 818 elc‘-

179 839 284 927 lllulle
297 836 428 927 ostendi,
455 845 655 908 cumvenerit
674 835 814 931 Meffies.

231 935 311 1021 Sed,
337 933 425 1032 quod
448 959 524 1031 pace
547 953 705 1008 tantorum
722 935 866 1005 ¹vitorum
885 932 1034 1019 dixerim,
1059 930 1174 1030 quibus
1188 933 1360 1007 rationibus
1373 933 1435 1010 hoc

170 1032 438 1128 interpretationis
464 1051 681 1103 commentum
703 1028 811 1103 servari
836 1027 949 1125 possrt,
973 1054 1039 1101 non
1057 1029 1158 1102 video.
1208 1031 1332 1104 Demus
1349 1037 1434 1108 euim

182 1125 422 1200 vocis'Ebtaicae
434 1125 641 1225 significatum
655 1128 826 1223 adtingam
840 1124 958 1198 arboris
973 1127 1178 1224 genealogica
1192 1125 1276 1222 polle
1293 1131 1434 1216 extendi,

47 1241 64 1248 ·“
179 1225 254 1296 illud
277 1247 380 1296 tamen
402 1224 490 1320 quod
505 1223 708 1320 supponitur,
733 1223 964 1322 genealogicam
981 1246 1093 1317 nempe
1107 1222 1246 1294 tribuum
1263 1228 1432 1316 rationem,

179 1320 379 1418 Regiumque
395 1323 495 1407 illam,
521 1321 745 1412 &judicialem
760 1322 974 1392 auctoritatem
987 1321 1080 1414 paulo
1095 1342 1166 1390 ante
1182 1318 1309 1392 Schiloh
1321 1323 1439 1398 adven-

182 1437 253 1487 tum
269 1418 406 1490 detribu
426 1417 508 1514 juda
523 1416 610 1490 fuisse
623 1415 758 1503 sublata,
784 1413 972 1487 falsissimum
987 1414 1040 1486 cll
1068 1417 1211 1514 Reliquit
1249 1417 1353 1490 uidem
1367 1421 1436 1492 Eu-

181 1509 282 1583 sebius
294 1511 347 1584 ub.
361 1514 466 1608 ubist.
489 1518 575 1585 Eccl.
592 1537 657 1612 cap.
675 1519 753 1586 VII.
778 1512 941 1586 Herodem
956 1510 1143 1584 conscientia
1156 1444 1360 1609 ignobilitatis
1374 1518 1440 1602 im,

180 1609 304 1705 pulsum
325 1609 562 1682 accuratiffimos
585 1611 655 1684 illos
669 1610 920 1709 genealogiarum
933 1611 1192 1693 commentarios,
1217 1610 1326 1708 quibus
1345 1620 1437 1708 retus-

180 1706 300 1803 que'sqtee
311 1731 408 1807 gentes
418 1710 506 1802 ficum
520 1707 564 1778 ad
583 1712 848 1780 patriarchatum
867 1709 1027 1799 Proselytor
1041 1708 1116 1776 clim
1122 1709 1249 1799 Iftaele',
1275 1735 1436 1806 tamegre-

180 1802 301 1875 deretur
323 1830 362 1874 ecc
388 1811 560 1907 tAEgypto,
585 1809 743 1876 immixtos
766 1805 879 1895 refem
896 1821 1033 1900 poteret,
1058 1802 1208 1902 exuffisse,
1232 1804 1282 1877 sed
1297 1807 1437 1880 Herodis

181 1897 237 1972 luc
255 1899 372 1974 vesania
387 1922 486 1972 totam
501 1903 652 1973 tationem
669 1899 815 1972 tribulem
831 1895 1061 1984 conturbatam,
1078 1899 1439 1978 &adeolublatamfuis-

182 1993 233 2082 se,
258 2019 294 2067 ut
315 1999 364 2070 vel
389 1997 487 2068 tribus
511 1996 610 2094 Juda,
635 2000 684 2070 vel
706 1995 745 2066 ab
760 1997 810 2066 illa
823 1996 879 2064 alia
919 1993 1121 2067 uaevisttibus
1134 1997 1294 2092 peculiaris
1308 1997 1366 2070 else
1381 2000 1438 2079 de-

181 2089 280 2178 sterit,
305 2098 456 2191 omnique
482 2090 667 2165 familiarum
692 2089 867 2164 discrimine
889 2116 907 2162 a
952 2093 1027 2177 lito,
1052 2093 1132 2163 linea
1155 2094 1287 2166 Davidis
1309 2095 1440 2170 ulterius

182 2187 302 2262 ostendi
318 2214 384 2263 non
398 2193 552 2285 potuerit,
578 2191 649 2262 inde
662 2191 793 2262 minime
809 2187 956 2286 sequitur.
983 2189 1073 2277 Quin
1088 2183 1152 2282 ipse
1167 2189 1319 2262 Eusebius
1328 2194 1440 2290 allega-

182 2304 219 2356 to
235 2286 309 2356 loco
327 2284 467 2372 testatur,
493 2287 706 2384 genealogieas
724 2280 902 2376 hujusmodi
916 2283 1032 2354 tabulas
1048 2285 1240 2378 privatorum
1248 2283 1352 2358 studio
1360 2285 1439 2361 fuis-

181 2377 433 2468 seconservatas,
458 2390 490 2454 δι
509 2381 688 2454 observatas.
714 2382 809 2454 Certe
826 2379 849 2452 sr
867 2403 936 2452 ante
951 2377 1071 2452 Christi
1086 2382 1277 2453 nativitatem
1286 2381 1437 2472 tribuum,

181 2485 216 2550 δι
234 2473 421 2552 familiarum
435 2477 591 2551 distmttio
608 2477 721 2550 sublata
737 2475 819 2562 fuit,
843 2476 945 2548 dicant
956 2475 1066 2562 nobis,
1091 2477 1174 2550 unde
1190 2476 1440 2574 Euangelistaeib

182 2574 212 2645 la
227 2579 416 2670 acceperint,
442 2599 511 2672 quae
525 2579 559 2646 in
575 2575 759 2648 delineanda
772 2570 890 2644 Christi
905 2575 1099 2669 protulerunt
1115 2571 1226 2670 gmcsr.
1252 2577 1441 2650 Dictntno-

184 2665 252 2756 bis,
277 2671 359 2743 unde
380 2674 426 2740 D.
442 2675 542 2742 Lucas
564 2674 731 2766 acceperit,
757 2667 965 2742 Elisabetbam
987 2669 1081 2742 Zach.
1103 2675 1248 2770 capla.
1261 2675 1292 2764 ς’.
1314 2679 1348 2746 dt
1363 2677 1441 2748 Rar-
1530 2752 1533 2756 ‚

184 2763 319 2857 trabum
344 2767 626 2864 Allor.lV.n.36.
652 2766 690 2840 de
714 2770 811 2840 Levi:
837 2770 983 2840 Hermam
1009 2793 1084 2838 veto
1099 2765 1320 2863 prophetissam
1334 2769 1440 2860 illam,

186 2867 264 2937 Luc.
274 2887 339 2964 cap.
350 2869 397 2934 II.
406 2889 437 2936 n.
450 2884 504 2961 35.
521 2865 560 2936 de
576 2863 692 2938 Asseris
714 2861 802 2938 fuisse
817 2860 910 2934 tribu.
935 2865 1072 2948 Dicant,
1098 2862 1180 2935 unde
1197 2861 1443 2956 hauserit,Jose-

189 2957 307 3056 phum,
332 2956 479 3057 sponsum
505 2963 542 3032 Β.
556 2963 617 3032 Vir
640 2961 698 3031 inis
722 2963 761 3034 de
784 2960 884 3032 domo
906 2965 938 3028 δι
956 2955 1071 3030 familia
1082 2955 1173 3032 fuisse
1190 2958 1339 3044 Davidis,
1364 2966 1442 3034 Luc.

186 3055 220 3127 el.
228 3079 255 3126 c.
264 3061 313 3127 ΙΙ.
322 3082 354 3127 n.
365 3083 399 3151 4.
426 3059 555 3139 Dicant,
564 2985 646 3128 unse
656 3053 1066 3144 PaulusseBenjaminitam,
1092 3053 1262 3150 &quidem
1271 3052 1442 3130 Hebraeum
1461 3055 1481 3108 ὗ

190 3175 229 3222 ex
241 3149 405 3239 Hebraeis,
430 3156 451 3223 i.
469 3179 495 3224 e.
513 3153 564 3224 tali
579 3149 738 3226 stemmate
753 3173 879 3236 ortum,
905 3150 991 3246 quod
1006 3152 1094 3220 nullo
1109 3171 1236 3220 externo
1243 3154 1445 3226 matrimonio

165 3389 168 3396 -
190 3271 553 3431 diffisdbulenmls',
573 3248 1451 3443 ‘ltiffllulib’eabh‘birlllll'elibllldbd'lqdatdeb-

191 3463 233 3513 ue
248 3441 331 3513 idem
346 3444 474 3514 Dottor
481 3445 644 3541 gentium,
670 3443 782 3517 Assur.
792 3441 887 3512 XXV
884 3444 951 3516 1.,η.
961 3446 992 3506 6.
1009 3440 1076 3510 imo
1085 3436 1148 3535 ipse
1163 3436 1306 3512 Christus
1322 3445 1450 3516 Mettlc.

187 3541 390 3612 ‘Xlllmzb
416 3540 569 3637 populum
584 3538 770 3627 judaicum,
793 3539 868 3608 x11.
886 3533 1023 3608 tribuum
1037 3533 1356 3633 distinguitnomine?
1380 3541 1452 3612 De·

195 3633 267 3706 inde
279 3636 438 3733 Regiam,
464 3633 687 3726 &judicialem
704 3635 917 3707 austeritatem
933 3631 1160 3726 penes-tribum
1175 3632 1278 3730 Judae,
1300 3632 1347 3703 us
1362 3659 1402 3706 ue
1415 3635 1453 3710 ad

199 3729 321 3802 Meffiae
337 3733 507 3806 adventum
524 3727 739 3825 perseverasse,
765 3731 883 3826 illoque
900 3728 1047 3813 instante,
1072 3727 1189 3800 tribum
1204 3727 1294 3818 Judae
1364 3733 1456 3806 ittam

201 3819 289 3927 suist
305 3825 479 3926 gnvuume
487 3881 499 3918 ,
524 3851 613 3924 aque
636 3823 747 3907 salsum
762 3824 815 3906 est.
839 3827 928 3903 Nam
945 3827 1177 3992 tou'gquinque
1191 3821 1300 3902 seculis
1315 3847 1387 3904 aute
1402 3829 1457 3904 ad-

189 3987 197 3996 ,
1037 3945 1082 3994 ec
1384 3949 1463 4002 ven.
