3658 4728
417 211 500 327 346
590 197 1529 324 JournwsunattrttDrsTttrss

414 352 555 424 datorum
570 347 608 421 dc
622 343 689 445 ipso
704 341 879 418 damnando
893 343 942 416 vel
956 339 1144 416 absolvendo
1155 336 1360 436 disceptatum
1375 337 1429 414 ett
1461 341 1608 414 Tandem
1623 365 1683 416 vt-

413 474 451 520 ro
477 441 587 519 Praeses
612 470 799 542 magnorum
823 437 1033 514 accusatorum
1058 437 1246 512 clamoribus
1271 446 1303 510 ἃ
1321 441 1488 536 pertinacia
1502 436 1679 536 superante,

415 542 579 616 Christum
601 544 687 638 prius
709 541 900 640 flagellatum
921 535 1040 610 solenni
1064 537 1212 610 sententia
1234 562 1296 632 pro
1320 535 1465 608 tribunali
1481 541 1681 632 pronuntiata

417 644 517 713 crucis
542 638 574 710 su
620 640 696 711 licio
712 639 837 712 addixit.
890 642 999 726 Qtota
1014 635 1076 708 diei
1092 634 1168 706 hora
1184 633 1246 706 hoc
1263 631 1380 706 fidium
1395 632 1451 720 stt,
1475 635 1682 710 artemitam

413 764 481 810 non
497 665 680 808 adcopiicile
695 736 823 808 videtur.
859 740 899 806 In
914 729 1181 830 Euangeliststum
1194 735 1280 804 enim
1296 734 1468 806 narratione
1484 733 1609 900 ὼὲἓιιοά
1626 731 1681 808 bic

420 835 615 915 ivarlrroarlr
635 831 1127 930 apparet;Johannesc.XIX.v.
1142 853 1200 923 ¹4·
1227 828 1305 925 rigat
1320 830 1387 900 altri
1405 828 1506 910 ialnrd
1550 833 1607 902 nit.
1631 834 1684 902 At

417 934 547 1004 Marcus
560 957 588 1002 c.
603 934 743 1024 XV,25.
761 934 821 1002 ait:
848 928 879 1006 iv
897 933 928 996 di
948 929 1010 1015 ripa
1022 927 1104 1016 spira
1122 928 1170 1017 roi
1185 927 1357 1021 redigam
1374 925 1480 1011 oio-rit.
1531 927 1633 999 Valde
1646 930 1684 1001 itt

418 1027 475 1100 bac
499 1028 679 1101 difficultate
703 1027 882 1122 explicanda
897 1025 1010 1098 eruditi
1026 1022 1198 1101 aestuattmt.
1248 1033 1352 1098 Patres
1366 1027 1480 1123 aliique
1494 1032 1682 1120 interpretes

417 1129 500 1198 varia
515 1128 699 1210 attulerunt,
725 1148 795 1220 quac
810 1123 870 1193 hio
882 1147 1128 1194 commemorare
1145 1121 1224 1194 nihil
1237 1125 1356 1196 attinet.
1390 1119 1600 1194 Dostiffimus
1614 1121 1684 1194 Ca-

419 1221 575 1296 saubonus
591 1227 700 1292 Exrrc.
708 1223 798 1292 XVI.
807 1244 839 1292 a.
856 1243 932 1290 110.
949 1222 1029 1291 inter
1043 1218 1086 1288 rai
1102 1222 1206 1312 ἄποροι
1218 1217 1613 1316 Scr'ipturaehoceolocat,
1638 1219 1685 1290 ad

444 1346 484 1390 tu
495 1318 645 1412 solvenda
654 1321 747 1390 Elias
762 1313 973 1414 exspoliandus
989 1325 1058 1390 erit.
1086 1320 1223 1415 Longius
1235 1317 1355 1390 nodum
1369 1313 1450 1388 secat
1456 1319 1577 1412 potius,
1608 1339 1684 1388 uam

418 1347 511 1490 ialvit
521 1441 590 1514 pag.
600 1441 642 1510 43
654 1441 683 1512 3.
701 1423 734 1486 dr
756 1415 863 1485 locum
878 1415 978 1484 Marci
994 1411 1106 1486 nostris
1119 1411 1282 1486 codicibus
1292 1436 1475 1511 corruptum
1493 1412 1551 1486 effe
1565 1343 1684 1484 aderit:

421 1518 463 1582 In
481 1517 619 1599 Marco,
644 1514 765 1610 inquit,
787 1535 844 1612 pra
859 1517 889 1580 E
902 1517 1025 1582 extritis
1042 1509 1123 1582 binis
1130 1511 1323 1610 inferioribus
1336 1514 1428 1581 lineis
1439 1513 1591 1609 rimpfit.
1619 1515 1686 1580 La·

415 1608 554 1706 gandam
570 1616 674 1706 iraque
689 1613 759 1679 iilic
775 1609 835 1698 ripa
848 1607 1118 1710 nipainprarp‘rs.
1143 1607 1295 1705 Expedita
1303 1605 1418 1680 hacest
1428 1611 1493 1680 Scri
1516 1631 1685 1680 turascon-

420 1706 547 1780 ciliandi
563 1705 744 1793 methodus,
769 1705 794 1777 st
835 1704 934 1778 uidvis
948 1731 1008 1802 pro
1023 1710 1136 1805 quovis
1153 1705 1290 1804 fingere,
1316 1713 1350 1776 &
1366 1731 1436 1804 quar
1451 1635 1543 1778 nobis
1559 1708 1685 1778 incom-

423 1805 516 1878 moda
535 1804 701 1888 videorest,
727 1804 793 1875 adl
838 1806 918 1874 itum
936 1807 1092 1903 corrigere
1107 1807 1206 1876 liceat.
1239 1801 1296 1874 Ab
1310 1807 1435 1900 quantis
1450 1829 1609 1901 quamque
1623 1807 1686 1875 im-

422 1900 535 1997 probis
546 1901 704 1974 laboribus
719 1896 909 1996 superl'ederc
925 1898 1094 1996 potuillent
1110 1903 1181 1973 Viri
1194 1897 1684 2000 pietate&eruditioneinstgnor,
1758 1893 1760 1896 ’
1811 1963 1812 1968 ,

421 1997 446 2068 st
461 2021 638 2094 promptam
654 1997 731 2069 hanc
745 2003 777 2068 S.
787 2000 886 2068 literas
900 1999 1070 2094 explicutdi
1085 2001 1237 2070 rationem
1250 2025 1267 2068 a
1281 1995 1600 2094 Langiodidiciffentl
1624 2001 1686 2073 Sed

389 2113 401 2150 t
421 2094 515 2180 absit,
542 2118 578 2166 ut
593 2095 655 2166 hoc
669 2091 791 2168 rabioso
805 2093 856 2166 isti
873 2094 1035 2166 Gordono
1050 2098 1224 2183 Huntlaeo,
1248 2092 1374 2192 aliisque
1391 2094 1686 2168 mrleferiatisScri-

422 2191 716 2290 prauo-mastigibus
737 2191 963 2278 concedamus,
988 2195 1082 2288 quod,
1092 2189 1248 2264 sarcertima
1261 2190 1317 2262 ista
1333 2215 1536 2264 monumenta
1552 2189 1684 2290 usquam

265 2332 274 2348 κ
418 2291 615 2387 irreptitium.
623 2315 676 2362 aut
690 2287 840 2360 vitiosum
852 2289 929 2387 quid
939 2287 1081 2362 iubeant.
1105 2292 1251 2361 Extrema
1260 2291 1366 2387 potius
1375 2291 1683 2375 tentandtentnt,ut
1811 2293 1813 2326 ³

422 2383 505 2458 hunc
520 2391 650 2458 unicum
664 2384 739 2456 fidei
756 2385 867 2456 nosttae
885 2386 1052 2458 Cononem
1069 2385 1222 2458 illibatum
1237 2412 1271 2458 ac
1283 2385 1396 2458 sartum
1414 2391 1530 2459 emm
1538 2386 1684 2460 obtinea-

294 2505 297 2512 “
422 2510 502 2557 mus.
551 2486 635 2554 Non
651 2486 813 2578 Scriptura
827 2503 932 2552 autem
947 2481 1050 2556 solunt
1064 2486 1234 2582 integritati
1250 2485 1380 2575 injuria,
1405 2481 1498 2556 sed&
1510 2481 1619 2580 suopte
1628 2512 1684 2559 va-

385 2665 390 2676 Ι
420 2605 461 2651 na
477 2605 514 2651 ae
528 2578 639 2652 frivola
654 2579 846 2692 ὴςειῑαωόἰὶ
861 2583 1039 2667 conjesttua
1054 2583 1188 2679 apparet.
1238 2583 1321 2670 Quis
1335 2584 1420 2651 enim
1436 2578 1536 2676 ipsum
1554 2585 1682 2670 docuit,

224 2739 226 2744 .
300 2742 303 2747 ,
421 2699 570 2748 numeros
588 2680 624 2746 in
640 2680 832 2774 perungenits
849 2675 1011 2748 codicibus
1026 2703 1082 2774 per
1094 2702 1185 2750 notas
1194 2676 1322 2774 scriptos
1335 2675 1440 2764 fuisse,
1466 2681 1514 2750 vel
1531 2704 1586 2776 per
1602 2678 1683 2766 istae,

424 2798 503 2870 quas
541 2795 623 2859 urat,
634 2775 758 2844 literas?
784 2769 890 2844 Autst
909 2773 1007 2845 literis
1020 2777 1044 2843 ii
1061 2774 1189 2872 expreffi
1205 2772 1340 2861 fuerint,
1366 2771 1561 2862 majusculas,
1573 2801 1609 2848 ut
1624 2801 1685 2849 vo-

420 2800 573 2956 cantis
587 2868 785 2958 fuille,unde
802 2869 932 2942 didicit?
956 2873 1046 2943 Nam
1062 2870 1086 2942 st
1103 2876 1239 2944 minores
1255 2869 1403 2958 fuere,ea
1419 2876 1607 2968 permutatio
1615 2899 1686 2945 me-

422 2971 470 3038 rui
497 2994 565 3039 non
589 2971 715 3066 potuit,
740 2991 817 3038 curn
841 2970 922 3038 inter
941 2976 1046 3060 cocy
1070 2972 1155 3040 nulla
1172 2967 1209 3042 lit
1224 2967 1363 3041 affinitas.
1413 2971 1602 3044 Cursorem
1616 2997 1685 3044 uon

422 3063 523 3136 ullum
540 3064 668 3138 adduxit
682 3067 841 3151 codicem,
867 3067 924 3161 qui
941 3063 1020 3137 hanc
1030 3067 1222 3152 umorem,
1248 3093 1343 3163 quam
1358 3066 1617 3156 nobisobtrudit,
1629 3075 1687 3141 eri·-

299 3165 301 3170 ’
421 3159 548 3234 lubeat?
573 3166 701 3262 Nempe
716 3165 791 3262 quia
803 3163 926 3234 nullum
941 3166 1072 3260 reperire
1092 3166 1206 3260 pontit.
1239 3170 1300 3234 An
1312 3187 1416 3238 autern
1431 3162 1522 3264 fungi
1537 3173 1571 3238 dt
1585 3190 1689 3262 pepo·

322 3303 325 3311 ·
422 3281 477 3326 nes
499 3256 620 3347 stemus,
647 3287 683 3333 ut
700 3262 827 3358 Langio
836 3258 1014 3332 croatiae
1027 3259 1090 3332 boc
1106 3264 1321 3357 pronuntianti
1336 3261 1505 3360 simplicem
1521 3263 1688 3334 credulita·

423 3373 490 3424 tent
505 3354 691 3429 debeamus?
716 3357 1080 3456 Hieronymusquidem
1095 3380 1165 3429 ante
1177 3381 1226 3430 tot
1239 3359 1337 3428 leculo
1353 3362 1498 3432 mendam
1512 3359 1688 3432 libratiihic

423 3447 591 3549 suspicatus
618 3453 712 3524 estin
730 3463 846 3525 cunm.
866 3461 900 3524 in
918 3457 998 3547 Psstl.
1007 3459 1181 3528 LXXVII.
1207 3457 1265 3527 Sed
1280 3481 1345 3526 non
1360 3480 1468 3529 notam
1485 3485 1517 3543 t,
1542 3481 1689 3533 verume

420 3573 482 3646 pto
498 3579 521 3640 y
537 3546 778 3622 substituendam
791 3548 866 3636 effe,
892 3559 926 3624 dc
943 3552 1029 3640 isra,
1054 3580 1121 3624 non
1140 3553 1284 3644 πέμπτη,
1310 3555 1477 3654 legendum
1485 3558 1624 3652 putavit,
1648 3577 1689 3628 ut

414 3649 540 3718 Marco-
552 3673 624 3719 com
640 3647 784 3745 Johanne
802 3651 969 3722 contenire
985 3653 1091 3748 pollet.
1118 3655 1190 3723 Nec
1208 3655 1234 3724 is
1250 3674 1351 3724 tamen
1370 3654 1468 3723 ullum
1485 3655 1686 3726 codiccrnar-

418 3744 512 3830 tulit,
535 3747 592 3842 qui
617 3747 660 3816 ita
674 3742 809 3816 habetet.
862 3749 933 3818 Nec
948 3749 1075 3820 attulere
1095 3753 1256 3837 Pacarius,
1282 3752 1438 3836 Tolerus,
1465 3751 1634 3840 Caietamts
1646 3757 1686 3823 dc

418 3839 537 3912 Melclt
556 3843 682 3932 Curua,
707 3845 764 3944 qui
780 3843 1016 3942 Hieronymum
1030 3845 1125 3922 secuti
1138 3845 1219 3920 fiant.
1268 3855 1343 3926 lmo
1359 3845 1570 3948 arariquiffima
1584 3845 1632 3920 est
1646 3872 1684 3918 ea
1812 3905 1813 3914 ἒ

1604 3943 1681 4018 vul-
