3658 4728
407 220 487 307 342
580 159 1528 308 Jouau.thnau1n·rDra‘t'ntan

405 356 437 426 3.
453 331 529 405 disci
586 354 625 403 os
663 327 844 402 uarslionem
862 327 951 402 istam
967 325 1175 426 proposuisse,
1192 331 1227 396 δι
1245 323 1407 398 Christttrn
1416 329 1536 423 prolixe
1549 329 1672 414 adem·

401 429 477 499 dem
496 457 528 502 re
540 357 701 526 pondise,
728 431 836 500 omnia
849 425 983 498 suadent.
1010 427 1086 496 Vid.
1109 422 1262 496 Gerhard.
1287 429 1406 500 Ham.
1433 434 1520 496 Com.
1552 454 1577 498 c.
1593 439 1672 502 160.

410 529 520 599 Primo
545 548 650 597 autem
666 526 704 596 de
727 520 1001 688 templi·urbisque
1026 523 1171 608 interitu,
1203 545 1278 590 mox
1294 521 1332 591 de
1350 519 1435 592 finali
1450 525 1546 594 totius
1561 528 1674 600 mundi

409 622 794 720 naiasasstmmulque
809 622 846 695 de
862 623 945 692 utriu
961 621 1023 718 que
1039 613 1255 703 indiciis,fuse
1271 614 1405 688 disseruit
1415 619 1536 690 March.
1545 627 1672 694 XXIV.

407 725 522 792 Marc.
534 725 632 790 XIII.
651 728 727 792 Luc.
737 721 831 792 XXI.
852 715 916 806 sere
934 743 988 813 pet
1003 709 1117 787 totum
1162 714 1287 786 Deinde
1308 714 1485 810 parabolam
1507 716 1544 788 de
1560 717 1670 792 decem

368 840 370 844 ’
410 817 584 915 virginibus
606 813 719 924 sponso
740 814 866 888 obviam
882 811 1047 912 progressis
1054 866 1065 900 ,
1092 815 1277 909 alteramque
1293 814 1331 884 de
1351 813 1505 893 talentisa
1525 816 1674 890 Domino

408 940 538 1012 peregre
555 915 699 1012 prolesto
715 907 807 984 servis
822 913 1005 982 concreditis
1020 911 1152 998 adjerit,
1178 915 1211 979 δι
1228 935 1290 978 una
1310 907 1469 980 novilhmi
1489 911 1596 999 judicii
1616 939 1674 1010 ap-

409 1034 549 1179 paratum
566 1011 763 1114 modumque
779 1007 920 1105 exposuit
942 1007 1025 1104 apud
1042 1007 1231 1078 Matrhaeum
1247 1030 1273 1074 c.
1290 1010 1393 1076 IIIIV.
1426 1004 1591 1080 Absolutis
1608 1015 1671 1099 jam

277 1157 283 1165 -
433 1111 459 1178 is
476 1105 688 1192 sermonibus,
713 1127 848 1176 mortem
866 1103 923 1175 sibi
938 1106 1134 1202 ingruentem
1148 1103 1304 1198 praedixit,
1323 1101 1438 1200 dequo
1451 1109 1513 1192 jam
1527 1106 1674 1184 vidimus.

409 1207 508 1277 Tunc
524 1210 636 1290 etiam,
661 1201 767 1272 eadem
781 1197 857 1272 scria
872 1224 998 1298 quarta,
1023 1203 1203 1298 congregati
1219 1203 1252 1272 in
1269 1203 1382 1294 palatio
1400 1199 1545 1297 Cajaphae
1561 1206 1675 1276 Ponti-

408 1301 503 1389 fices,
529 1300 642 1372 Scribae
657 1306 691 1370 δι
714 1300 880 1384 Seniores,
905 1297 943 1369 de
959 1295 1046 1394 Jusu
1072 1299 1148 1368 dolo
1157 1297 1306 1391 capiendo
1323 1304 1356 1367 δι
1373 1297 1546 1370 occidendo
1555 1298 1675 1374 delibe-

410 1421 535 1485 ranmt,
547 1395 672 1470 Matth.
683 1398 806 1488 XXVI,
818 1423 848 1489 3.
867 1399 982 1468 Marc.
998 1399 1087 1480 XIV,
1103 1418 1131 1464 t.
1154 1399 1229 1464 Luc.
1239 1397 1352 1478 XXII,
1366 1417 1392 1463 t.
1424 1394 1523 1486 Judas
1538 1418 1641 1470 autem
1658 1428 1677 1472 a

411 1499 522 1566 satana
539 1490 707 1592 impulsus,
734 1494 994 1588 &increpatione
1013 1480 1157 1576 Chrilli,
1189 1495 1303 1589 quinto
1326 1488 1437 1562 abhinc
1452 1491 1502 1564 die
1520 1493 1676 1568 bethaniae

411 1589 508 1677 sassa,
534 1591 570 1662 ad
589 1593 666 1662 iram
680 1613 715 1660 ac
733 1591 865 1662 livorem
880 1609 1080 1676 commotus,
1095 1589 1206 1658 eodem
1223 1588 1273 1659 dic
1288 1588 1326 1659 ad
1341 1585 1510 1660 Pontifices
1525 1589 1677 1680 abiit,se-

408 1713 474 1785 que
491 1689 602 1786 jusum
625 1687 823 1783 proditurum
845 1683 1005 1782 stipulatus
1022 1681 1085 1772 est,
1111 1685 1258 1757 condisse
1279 1689 1364 1782 prius
1382 1685 1555 1781 proditioni
1569 1693 1674 1762 XXX.
1812 1759 1814 1792 Ι

410 1807 627 1883 argenteontm
641 1785 759 1880 pretio:
782 1803 876 1881 atque
889 1786 931 1853 ita
940 1781 1126 1880 Magistrum
1136 1780 1385 1854 benemerentem
1394 1781 1576 1857 exsecrando
1585 1785 1676 1885 flagi-
1786 1827 1792 1850 ι
1812 1797 1814 1842 i

409 1902 459 1952 tro
474 1883 621 1954 vendidit.
670 1884 747 1952 Hoc
762 1875 838 1951 seria
854 1878 1056 1954 hebdomadis
1070 1900 1177 1978 quarta
1193 1882 1327 1952 omnino
1339 1879 1493 1968 accidisse,
1518 1907 1584 1954 non
1602 1910 1676 1958 mo-
1812 1949 1813 1972 ,

411 1977 455 2050 do
472 1982 628 2077 Seripttua
637 2031 648 2066 ,
673 1980 721 2050 uti
735 1973 1036 2063 demonstravimus,
1062 1978 1231 2048 luculenter
1244 1979 1338 2050 docet
1346 2004 1359 2058 ς
1384 1973 1435 2053 sed
1449 1985 1483 2051 δι
1500 1979 1676 2056 orthodoxa

409 2079 575 2191 antiquitas
590 2074 765 2148 indubitato
780 2073 927 2162 credidit,
951 2073 1028 2148 dum
1050 2073 1128 2147 hanc
1144 2078 1268 2146 uticam
1285 2073 1329 2148 ob
1345 2072 1464 2154 eauhm
1480 2074 1563 2150 seria
1579 2105 1676 2177 quar-

410 2193 450 2243 tae
471 2175 623 2266 jetunitun
644 2171 854 2246 Ecclesiastica
875 2171 1032 2243 sandione
1052 2171 1195 2244 instituit.
1235 2169 1436 2268 Augustinm
1452 2175 1616 2272 &pgffi
1629 2177 1675 2248 ,d
1813 2163 1814 2202 l

411 2273 600 2368 Cafhlmum
612 2267 721 2342 diserte
735 2265 857 2342 scribitr
883 2295 938 2340 cur
955 2291 1067 2367 quarta
1088 2279 1125 2353 ό*
1132 2271 1219 2364 sexta
1227 2273 1317 2364 feria
1332 2275 1468 2343 maxime
1475 2276 1595 2371 jejunes
1610 2279 1676 2344 Ec.

408 2370 519 2466 tlefiae,
543 2369 606 2440 illa
620 2374 701 2440 ratio
715 2367 806 2439 reddi
822 2367 968 2459 uidetur,
992 2367 1072 2465 quod
1084 2367 1267 2464 tonssdmsto
1287 2371 1477 2465 Euangelio,
1500 2372 1563 2471 ipsa
1578 2397 1675 2468 quar-

413 2483 449 2535 ta
464 2465 617 2552 sabbati,
646 2491 741 2563 quam
755 2469 849 2564 uulgo
865 2485 1009 2564 quartam
1019 2468 1140 2561 feriam
1155 2486 1290 2552 vocant,
1315 2468 1471 2562 confilium
1486 2474 1675 2569 reperiuntur

412 2561 457 2632 ad
472 2562 668 2634 occidendum
683 2567 854 2634 Dominum
861 2565 963 2659 fecisse
979 2562 1087 2658 Judai
1103 2577 1177 2634 (Tc.
1202 2564 1347 2636 Etmox:
1374 2569 1492 2662 Exque
1503 2569 1676 2665 colligitur,

413 2680 560 2754 quartam
581 2658 709 2728 Sublati
716 2661 830 2756 suisse,
854 2659 977 2756 quando
993 2666 1147 2733 Dominus
1161 2665 1225 2747 ait,
1246 2663 1353 2754 scitis,
1377 2668 1454 2758 quia
1470 2663 1531 2760 ριβ
1547 2661 1674 2736 lidron

412 2753 534 2852 Pascha
544 2757 619 2852 fiet,
646 2753 792 2851 &filius
806 2757 938 2828 hominis
952 2757 1110 2845 tradetur,
1133 2777 1168 2827 ut
1182 2755 1387 2854 crucifigatur.
1414 2767 1472 2830 Ac.
1479 2759 1676 2856 perbrcdiat

413 2857 473 2950 ipse
487 2859 608 2952 jejunio
623 2852 784 2953 deputatus
805 2855 853 2951 ιβ
901 2856 991 2924 Hinc
1013 2853 1269 2960 Theophyhslm
1288 2859 1323 2924 in
1339 2855 1463 2927 Matris.
1473 2857 1563 2928 XIV.
1580 2857 1673 2931 dicit:

414 2957 509 3023 Faria
527 2971 639 3050 quarta
654 2952 818 3022 concilium
834 2957 993 3036 conuenit,
1010 2961 1049 3036 ιβ
1061 2971 1217 3049 propterea
1225 2956 1401 3050 jejunamus
1413 2959 1508 3024 ctiam
1519 2979 1677 3051 nosquar-
1811 3025 1814 3034 ,

413 3052 569 3145 tisferr'is.
604 3057 676 3120 Imo
693 3049 843 3121 Clemens
858 3051 927 3136 ille,
952 3051 1005 3120 cui
1020 3049 1059 3120 de
1074 3049 1125 3119 die
1139 3050 1230 3119 nauli
1246 3047 1365 3120 Christi
1379 3053 1599 3146 pronuntianti
1607 3075 1676 3124 tan-

414 3167 484 3216 tum
498 3145 607 3218 tribuit
619 3152 774 3247 Langius,
799 3168 835 3217 ur
849 3171 922 3218 eum
938 3171 997 3217 ceu
1011 3141 1119 3215 testem
1136 3142 1362 3240 Chrysostomo
1382 3149 1591 3245 antiquiorem
1608 3151 1676 3222 lau-

412 3241 493 3328 det,
527 3246 625 3315 veluti
654 3241 742 3342 supra
767 3267 796 3319 c.
810 3249 858 3316 II.
889 3244 1124 3330 indicavimus,
1154 3241 1239 3314 idern
1263 3242 1386 3339 Carpsit.
1408 3247 1591 3339 1.V.c.14.
1617 3269 1673 3316 to-

413 3339 511 3410 tunde
535 3343 593 3411 ait:
619 3341 757 3437 tergoidot
774 3341 823 3436 (qi
841 3340 1031 3435 temperaturis
1046 3341 1224 3436 προσέταξεν
1242 3343 1307 3432 ἡμῖν
1325 3345 1459 3420 irrisor.
1484 3342 1536 3422 riis
1548 3345 1601 3435 μὶν
1618 3341 1676 3412 altri

416 3433 467 3512 tir
491 3441 667 3523 προδοσίαν,
693 3437 743 3518 triu
768 3441 802 3508 ts
825 3438 879 3508 aad
896 3439 931 3510 ti
948 3438 1070 3524 mil&
1116 3440 1243 3536 Quarta
1251 3439 1340 3533 fm'a
1358 3452 1405 3511 (5⁸
1414 3440 1503 3533 sexta
1516 3439 1603 3539 juffit
1619 3463 1676 3512 not

402 3536 568 3629 jejunare,
594 3537 655 3608 itta
678 3534 942 3703 quidemgmpter
959 3527 1183 3640 proditionem,
1207 3535 1268 3607 hac
1282 3561 1355 3608 vero
1365 3557 1489 3637 propter
1499 3537 1677 3639 paeffiomm.

411 3637 604 3732 Quanquam
620 3634 706 3705 enim
719 3657 779 3705 nos

411 3729 570 3828 Langium
590 3752 693 3802 tamen
708 3730 803 3827 ipsius
818 3735 982 3806 austeritas
997 3731 1066 3806 saris
1082 3732 1128 3806 est
1143 3731 1260 3818 valida,
1286 3736 1343 3832 qui
1360 3733 1597 3909 illamtantoper

411 3831 447 3902 in
464 3829 752 3910 recommendavit
776 3827 900 3907 Resrtti
915 3837 949 3904 &
964 3829 1024 3906 huc
1039 3831 1182 3940 possunt>
1206 3855 1278 3933 ‘1²¹³
1292 3827 1372 3909 lssffll
1385 3856 1413 3907 ὅ·
1422 3837 1521 3940 {⁷11¹-
1556 3735 1682 3944 ⁶5ss

1619 3952 1680 4004 tuo

830 3634 1059 3708 lementastrum
1075 3633 1168 3708 istum
1186 3659 1253 3706 non
1261 3638 1368 3734 magni
1377 3631 1544 3708 satiamus:
1569 3659 1679 3708 contra
1813 3653 1814 3692 l
