3628 4724
274 445 276 453 ¹
392 470 476 544 sticae
495 465 634 542 'amiffifi

390 233 475 352 598
607 203 611 212 ¹
653 229 771 353 Certe.
801 233 1005 314 Druurue
1035 229 1103 312 Dr
1134 251 1250 310 crus.
1283 225 1432 310 Aurscl

392 372 464 470 styli
488 371 631 451 Genios)
651 393 737 537 lquot
753 372 852 467 capite
871 367 972 442 suille.
1025 369 1137 459 Quid?
1162 370 1282 440 Plinius
1297 375 1330 440 &
1346 369 1516 463 Scriptores
1531 368 1578 440 rei
1591 369 1669 440 Ru·

666 471 773 539 uillent
790 474 804 538 i
819 521 825 534 .
839 470 873 537 Si
894 469 1066 564 Scriptores
1080 468 1125 535 rei
1140 465 1301 552 Militaris,
1326 461 1498 549 Historici,
1525 468 1670 558 scenici,

268 581 271 590 “
393 564 653 666 Agrimensores?
678 567 710 633 Si
724 559 958 662 jurisconsulti,
975 560 1157 660 (dequibus
1173 560 1364 632 doctissimus
1379 569 1413 634 P.
1423 561 1564 633 Friderus
1573 551 1670 634 Mirr·-

276 1103 278 1106 -
395 1073 492 1124 voces
506 1059 542 1125 δι
553 1052 729 1126 locutiones
744 1045 847 1119 nostra
862 1047 960 1117 saltim
975 1045 1166 1118 Germanica

395 665 510 751 danus,
529 664 648 759 prefer.
665 667 905 732 Grammaticos..
938 661 1007 748 Qui
1023 662 1172 731 Latinum
1187 656 1360 729 sermonem
1378 653 1492 756 absque
1508 660 1669 756 Jurecon·

396 760 549 833 sultorum
573 758 658 830 hirris
676 755 732 828 fibi
749 755 887 830 constare
900 752 985 853 polle
1002 755 1170 841 existimat,
1197 775 1267 826 toto
1284 756 1336 826 ille
1351 755 1437 828 coelo
1452 752 1604 842 fellimr3)
1631 761 1668 831 Si

395 855 542 948 Medici,
567 858 640 928 alii?
666 877 803 953 quorum
818 875 922 925 tamen
935 854 1067 924 maxima
1080 877 1149 951 pere
1164 854 1273 949 periit:
1298 852 1447 952 quantula
1460 851 1669 926 esseteusolo

395 953 557 1028 Cicerone
578 956 691 1050 linguae
708 954 825 1022 Latine
847 947 980 1048 supellex
997 956 1011 1020 i
1043 972 1157 1048 quante
1172 943 1364 1116 mem?
1394 951 1473 1114 Ssane
1489 951 1670 1120 inunmegr

1259 1065 1289 1132 t,
1333 1069 1387 1116 uas
1415 1069 1477 1116 rex
1491 1071 1589 1118 umco
1636 1071 1669 1121 r·

397 1171 511 1220 cetone
526 1150 636 1219 Latine
650 1143 774 1216 reddere
788 1145 953 1227 vellemus,
978 1140 1186 1215 insertiremus.
1248 1069 1407 1214 uotiirillia
1415 1139 1485 1212 suut
1493 1167 1598 1216 rerum
1606 1171 1670 1218 no·

401 1241 500 1316 bisin
520 1269 575 1316 ore
592 1239 821 1339 frequentium,
833 1260 903 1338 quae
920 1241 970 1332 Μ.
985 1241 1115 1311 Tullius
1132 1265 1172 1312 ne
1189 1235 1354 1312 somniavit
1369 1237 1507 1339 quidem.
1551 1243 1599 1314 At
1614 1243 1672 1315 in·

400 1343 509 1438 quies,
533 1343 656 1436 Tropis
669 1357 723 1408 eut
737 1333 964 1432 Periphrafibus
977 1333 1035 1407 else
1050 1331 1293 1409 subveniendum
1309 1333 1359 1407 isti
1374 1339 1498 1432 inopiae.
1529 1334 1670 1415 Miseros

402 1431 565 1509 homines!
590 1435 647 1533 qui
669 1455 722 1506 eut
740 1433 858 1530 semper
873 1430 1020 1532 ambigue
1034 1433 1124 1531 loqui
1139 1452 1309 1532 cogentur:
1335 1434 1490 1522 (Tentille
1503 1437 1591 1507 enim
1607 1459 1669 1510 vo-

402 1543 478 1606 cum
494 1537 526 1605 in
544 1534 700 1605 Cicerone
713 1529 848 1628 supellex
863 1549 912 1601 tot
926 1553 1054 1628 tamque
1067 1533 1157 1603 variis
1173 1528 1265 1603 rebus
1278 1530 1444 1628 adaptanda
1456 1528 1670 1614 esset,utten·

402 1629 475 1704 dem
492 1628 778 1725 uescitemus‚.quid
792 1627 943 1726 quodque
957 1625 1151 1724 significaret.
1177 1628 1328 1726 Cumque
1340 1628 1483 1724 alioquin
1499 1628 1604 1726 plures
1610 1653 1668 1721 ret,

402 1745 497 1823 quem
514 1728 666 1800 dictiones
681 1722 756 1811 smt,
781 1719 949 1795 secundum
972 1726 1079 1796 tritum
1093 1729 1126 1796 δι
1144 1748 1253 1798 verum
1267 1724 1359 1810 illud,
1385 1720 1502 1795 necesse
1518 1721 1606 1812 esset,
1623 1729 1667 1801 t'n

401 1843 487 1896 tanea
500 1822 667 1898 verborum
681 1823 821 1916 penuria,
849 1817 887 1890 ut¹
900 1822 1004 1891 eadem
1019 1822 1136 1906 oratio,
1161 1845 1324 1919 unumque
1337 1845 1455 1892 nomen
1470 1823 1558 1916 plum
1571 1821 1672 1920 figni-

373 1991 375 1999 ,
402 1917 528 2009 ficeret,
552 1918 721 1992 secundum
736 1914 834 1987 Arist.
848 1921 883 1984 in
896 1917 1019 1986 Esench.
1037 1939 1105 2015 cap.
1119 1941 1147 1991 1.
1165 1918 1248 1989 unde
1263 1913 1550 2016 tanquam'suboles
1566 1919 1672 1994 ambi-

404 2018 523 2111 guitrs,
556 2041 627 2114 que
642 2011 761 2108 semper
781 2015 876 2084 errori
897 2011 996 2084 affinis
1015 2009 1078 2098 est,
1103 2034 1139 2084 ut
1160 2016 1237 2085 Scali
1260 2039 1293 2086 er
1313 2015 1436 2112 iuquit,
1461 2019 1571 2086 Exere.
1591 2021 1670 2114 148.

394 2112 467 2208 scel.
475 2137 511 2208 4.
526 2112 662 2211 ideoque
676 2109 849 2210 effitgienda
864 2108 1029 2195 omuibus,
1038 2131 1094 2180 ner
1108 2107 1209 2182 solum
1219 2119 1251 2183 -Ρ
1275 2109 1420 2206 'osophis
1429 2162 1439 2196 ,
1449 2110 1564 2208 quibus
1571 2119 1672 2212 equi-

404 2232 492 2283 vocae
514 2235 608 2284 voees
626 2207 795 2281 secundum
819 2207 952 2280 eundem
973 2214 1007 2276 in
1026 2230 1056 2277 1.
1074 2205 1160 2303 Hrst.
1176 2211 1306 2279 animal.
1315 2206 1345 2300 fi
1355 2229 1407 2278 12.
1422 2207 1547 2303 influe,
1573 2212 1670 2285 mini-

404 2325 510 2378 tentur
530 2303 715 2404 naufragia.)
739 2303 811 2377 Aut'
833 2301 1145 2376 tediosouerborum
1168 2302 1312 2394 ambitu,
1336 2304 1508 2402 crebroque
1617 2310 1668 2381 'ris

403 2426 426 2474 n
473 2405 481 2420 '
510 2427 597 2476 aures
634 2399 728 2472 ulsare
742 2427 809 2472 non
826 2398 1125 2498 desistent‚quarum
1141 2402 1294 2490 judicium
1309 2421 1411 2473 tamen
1426 2403 1544 2474 deliee'
1571 2427 1674 2480 rmum

404 2503 440 2570 &
466 2495 588 2571 ensusf
627 2495 822 2571 idiosrssrmus
837 2494 902 2581 est',
927 2495 1044 2568 nedum
1057 2519 1094 2566 ut
1106 2497 1244 2610 ingratos
1256 2505 1291 2570 &
1306 2497 1411 2570 eedem
1429 2497 1543 2570 chorda
1552 2498 1670 2600 semper

404 2598 531 2670 iteratos
546 2592 640 2689 sonos
654 2596 747 2684 toties
761 2595 867 2667 audire
879 2589 1055 2668 sustineant.
1081 2593 1172 2686 Qud
1185 2593 1209 2666 st
1225 2592 1382 2682 festinare,
1406 2603 1441 2666 δι
1456 2596 1504 2668 rel
1516 2600 1606 2668 unica
1620 2601 1671 2672 di·-

402 2692 512 2780 ctione
527 2692 625 2764 animi
638 2686 685 2762 sui
699 2686 781 2776 seusa
796 2712 971 2787 proponere
988 2695 1022 2758 δι
1036 2691 1201 2786 explicare,
1226 2713 1280 2762 aut
1292 2691 1408 2789 aliquid
1418 2687 1565 2798 poscere,
1590 2698 1671 2770 utin

406 2781 516 2864 subitis
529 2785 584 2874 fit,
610 2807 810 2886 cogerentur:
860 2786 964 2855 uuum
981 2785 1026 2856 im
1049 2807 1117 2858 etus
1131 2785 1195 2857 istie
1210 2785 1394 2886 prriphresee
1408 2789 1452 2859 lat
1464 2811 1669 2889 aptasperpe-

406 2905 468 2969 tuo
477 2882 672 2985 suggereret?
697 2810 1048 2980 Inepties‘iromiuumi)
1056 2881 1218 2981 Georgius
1233 2885 1385 2983 Agricola
1400 2885 1535 2957 devenir
1543 2883 1671 2960 Mmt-

397 2983 480 3052 'lices
495 2985 616 3080 primus'
625 3001 746 3080 patrum
762 2977 939 3051 nostrorum
954 2981 1121 3066 memoria,
1132 2984 1335 3052 commentari
1349 2978 1438 3053 ausus
1452 2979 1515 3054 este
1542 2987 1616 3082 quia
1623 3007 1672 3057 ta-

408 3103 481 3154 men
495 3078 652 3153 vocabulis
665 3079 783 3148 Latinis
797 3074 860 3148 fuit
875 3073 1056 3147 destruens:
1082 3099 1262 3172 propterea,
1286 3077 1374 3175 quod
1388 3079 1467 3150 nulli
1482 3100 1621 3153 veterum
1631 3082 1673 3155 de
1802 3135 1804 3148 r

409 3199 443 3246 re
459 3175 609 3248 metallica
625 3173 696 3246 libri
711 3173 749 3246 ed
763 3169 898 3246 noſtram
913 3193 1031 3244 aetrtem
1048 3197 1235 3268 pervenere:
1260 3177 1375 3246 iccirco
1389 3176 1495 3246 multis
1510 3177 1588 3274 sepe
1602 3203 1678 3251 ver.
1721 3188 1725 3198 ’
1802 3173 1804 3230 f

410 3269 525 3342 borum
543 3269 616 3344 amb
657 3269 789 3341 ‘bus-vix
803 3267 1021 3367 consequitur,
1046 3268 1133 3366 quod
1147 3267 1246 3340 nostri
1258 3269 1677 3362 homiuesffienuarrijuni-
1695 3265 1701 3284 ⁸

410 3387 453 3439 co
467 3363 622 3532 vpcabulo
650 3359 806 3438 eliriffime
818 3365 921 3440 solent
935 3368 1123 3461 exprimere,
1147 3368 1253 3467 iuquit
1260 3363 1444 3449 Frischlinus
1456 3369 1576 3470 persar.
1598 3375 1677 3444 Nu

410 3485 521 3535 mene.
548 3487 590 3533 uc.
1793 3520 1798 3541 .

461 3461 561 3632 Porri)
575 3554 713 3645 constat,
722 3562 851 3632 Veteres
863 3561 970 3657 potius
984 3557 1147 3642 decertasse
1161 3586 1275 3649 voces,
1289 3567 1333 3635 ·&
1345 3559 1542 3650 coemxilse',
1551 3561 1680 3659 preser-
1754 3561 1758 3564 ’

412 3657 471 3728 tim
487 3659 522 3731 in
544 3654 731 3753 quotidiano
750 3653 891 3728 sermone
904 3709 915 3743 ,
946 3683 1080 3755 quarum
1097 3657 1202 3754 postea
1217 3664 1250 3730 in
1266 3659 1324 3730 ulu
1339 3660 1481 3760 quedam
1496 3659 1678 3736 meusenmt

413 3755 505 3824 etiam
519 3751 606 3852 apud5
613 3749 860 3852 elegantissimos.
884 3755 939 3822 De
954 3751 1070 3851 quibus
1085 3751 1166 3826 alibi.
1190 3759 1276 3828 Bene
1290 3779 1394 3830 autem
1406 3757 1480 3854 Jov.
1496 3763 1677 3831 Poomrus:

412 3851 516 3920 Sermo
529 3851 616 3950 cepit
632 3853 771 3950 primum
786 3849 903 3950 eopse,
926 3851 1050 3949 iuquit,
1073 3849 1280 3942 uiuere,
1306 3855 1554 3964 evulsurum,
1579 3859 1679 3926 im

1578 3974 1676 4053 agre-3
