3658 4728
405 158 1200 272 Hrsrontco-Tnaotoetct.
1351 199 1433 288 309

177 301 281 388 &iret
296 309 388 400 pepla
401 311 565 382 irriderer
581 316 597 381 e*
614 307 791 394 orditam.
810 308 859 380 eir
877 307 980 396 eoepit
999 312 1139 401 alperti
1151 311 1326 398 edraim.
1351 316 1441 388 Unde

167 428 276 506 petet,
291 404 419 478 Diaboli
424 401 588 508 discipulos
595 411 648 504 effe
656 433 768 492 omres,
800 411 833 476 ei
841 411 1023 476 Marcionis
1032 405 1129 476 morbo
1139 407 1289 496 laborant,
1302 439 1369 482 cum
1378 414 1438 486 luc

175 511 236 572 eota
249 503 396 590 credant,
420 531 481 600 que
495 531 534 574 tte
547 504 698 575 oblivioni
712 433 923 588 traderentur,
948 506 1036 572 mille
1042 511 1246 597 fircramentrs
1262 509 1398 600 effaflusn
1414 535 1434 593 4

177 599 295 692 Christe
309 601 367 696 est,
378 621 423 674 ea·
437 628 499 697 que
512 608 648 672 maxime
659 601 809 672 Diabolus
825 601 924 671 delere
939 598 1091 668 oblivione
1105 625 1249 688 cenatur,
1258 628 1373 674 nucem
1383 605 1437 674 di·

161 717 206 765 et
223 713 272 768 θ’
284 697 454 794 paffienerrt.
480 699 536 770 Ad
544 698 628 770 htutc
637 692 885 796 itaquescopum
902 722 937 766 ea
947 699 1040 766 etiam
1049 695 1140 768 verba
1148 701 1325 786 collimant,
1340 726 1437 798 quara

176 795 300 890 [angio
316 798 506 881 timeum&
516 797 646 868 Aniano
660 797 824 889 interprete
842 797 883 864 ita
898 795 1007 862 Latine
1017 788 1142 864 sonant:
1168 801 1245 864 Non
1259 805 1356 882 enim,
1367 805 1435 884 ait,

179 894 320 978 interra,
333 893 634 984 salutatricem,
651 911 683 960 ut
695 891 913 984 &sepulcrum
920 888 1055 974 denotet,
1073 901 1435 989 &nemoepparertriarn

165 987 431 1086 ftttffesttsptcetttr.
457 987 569 1059 Tribus
577 1009 679 1060 aulem
694 987 796 1056 liebus
805 1008 939 1055 mortuus
954 988 1010 1082 esse
1019 988 1134 1070 voluit,
1145 1008 1177 1056 tet
1186 1014 1271 1056 nemo
1281 1011 1434 1080 mortum

173 1084 408 1184 essemlttgeret.
435 1093 514 1156 Non
526 1093 608 1156 enim
622 1109 708 1180 cruce
715 1085 814 1177 solum
823 1133 833 1162 ,
843 1101 890 1152 (θ’
907 1085 973 1174 visu
989 1087 1123 1151 omnium
1137 1090 1191 1179 qui
1204 1087 1435 1180 tuttcaderent,

172 1190 390 1251 aerumnam
404 1182 524 1254 dierunt
538 1201 794 1254 numeromartem
808 1179 977 1273 confirmat.
1003 1181 1087 1268 Quis
1103 1203 1169 1250 non
1178 1181 1277 1268 videt,
1290 1209 1356 1280 quo
1365 1203 1437 1256 ten·

171 1273 222 1346 dat
242 1280 344 1372 oratio
360 1276 382 1354 ἔ
399 1278 569 1371 rayxffdra
586 1281 756 1370 riperto?
783 1278 923 1346 Mortem
943 1271 1060 1346 Christi
1076 1282 1108 1345 &
1124 1273 1311 1372 sepulturam
1326 1305 1431 1352 veram

170 1395 205 1441 ac
230 1375 343 1444 realem
364 1372 471 1463 finffe,
496 1403 562 1448 non
584 1395 782 1472 apparentem
798 1395 852 1458 aut
867 1373 1097 1468 imaginariam,
1123 1377 1212 1444 omni
1226 1398 1340 1446 conatu
1358 1402 1435 1472 pro·

170 1463 232 1538 bat.
283 1469 336 1540 Ut
351 1493 455 1544 autem
473 1499 602 1544 omnem
617 1471 782 1558 <parium
801 1465 1007 1564 suspicionem
1024 1489 1182 1556 amoveat,
1207 1470 1298 1544 rerba
1314 1471 1433 1566 Christi

169 1585 279 1660 urget,
305 1591 375 1664 quae
401 1572 571 1644 triduanam
596 1575 661 1658 ejus
685 1571 720 1640 in
738 1564 878 1663 sepulcro
892 1589 1015 1634 motam
1030 1564 1176 1636 indicant.
1226 1569 1432 1667 Dicit,qu0d

172 1659 315 1732 Christus
339 1663 394 1736 bae
419 1665 477 1738 fini
502 1676 572 1758 τρεῖς
596 1671 706 1759 ἡμέρας
731 1661 932 1754 caragmate,
957 1682 991 1730 et
1007 1660 1179 1731 crederetur
1194 1687 1265 1734 vere
1283 1685 1431 1760 mortuut.

170 1756 253 1828 Non
273 1757 324 1829 dis
339 1763 436 1834 utabo
458 1791 498 1836 an
515 1763 645 1837 verbum
661 1769 838 1851 συνχωμῐι,
862 1783 929 1854 quo
947 1761 1044 1829 utitur
1062 1755 1322 1854 Chrylostomus,
1357 1789 1431 1835 eum

167 1851 288 1950 precise
302 1785 421 1932 {insum
437 1859 567 1947 habeat,
589 1886 684 1959 quent
701 1861 838 1954 Longius
854 1856 926 1924 inde
942 1880 980 1924 ex
1002 1857 1106 1942 rimit,
1132 1881 1244 1954 nempe
1254 1881 1288 1928 ut
1299 1862 1428 1954 manfie-

168 1974 238 2020 trem
261 1956 295 2020 in
323 1960 442 2050 epulcro
461 1957 608 2057 defignet
659 1956 844 2026 Generalior
858 1973 939 2022 certe
956 1880 1001 2021 ed
1024 1957 1090 2040 ejus
1105 1948 1308 2048 fignificatio‚
1334 1981 1429 2052 quam

168 2068 205 2116 ut
220 2047 297 2119 adeo
311 2049 452 2153 restringi
467 2077 569 2152 queat.
604 2055 714 2128 Veluti
726 2055 811 2124 enim
823 2051 889 2120 laxe
903 2049 972 2117 alias
989 2051 1130 2144 quamvis
1146 2050 1353 2145 crnceffionem
1367 2079 1429 2124 no·

80 2147 85 2156 ⁴
169 2165 232 2226 tat,
251 2148 293 2216 ita
312 2143 362 2216 hie
378 2155 599 2224 convenienter
612 2152 696 2232 reddi
712 2151 826 2246 pollet:
852 2167 913 2214 tres
926 2147 991 2214 dies
998 2143 1193 2238 concefflt,ut
1202 2147 1369 2218 crederetur
1376 2173 1433 2220 ve-

166 2267 201 2309 re
221 2245 381 2339 exspiraffe.
436 2253 554 2320 Verum
576 2273 649 2320 cunr
675 2251 707 2318 in
732 2241 820 2316 sensu
833 2268 899 2312 non
917 2266 1026 2337 magna
1042 2239 1195 2333 disparitas
1212 2266 1365 2341 emergat,
1391 2245 1430 2316 dc

166 2337 268 2410 verbis
293 2365 360 2410 non
382 2343 579 2442 litigabimus.
629 2345 666 2416 ld
687 2339 798 2416 discere
823 2363 986 2432 cuperem,
1012 2362 1081 2433 quae
1096 2339 1214 2434 Logica
1228 2337 1305 2411 hanc
1319 2339 1428 2412 conse-

166 2438 329 2532 quentiam
343 2441 468 2536 Langia)
485 2440 715 2514 monstraverit:
744 2437 956 2532 Chryfitflomus
971 2455 1030 2502 tres
1046 2435 1112 2502 dies
1129 2437 1430 2535 insepulcramaenfif

157 2531 195 2622 se
213 2531 365 2625 Christum
377 2541 586 2636 asserit‚Erg.
603 2561 663 2610 tres
675 2539 739 2608 dies
757 2535 905 2606 naturales
913 2528 1088 2628 singillatim
1099 2537 1198 2600 &tres
1206 2535 1313 2604 nolies
1323 2531 1430 2633 singil-

165 2626 256 2696 latim
273 2627 367 2724 ipsius
383 2659 478 2704 morae
493 2638 527 2704 in
546 2635 640 2718 corde
656 2656 741 2704 tetrae
760 2629 880 2700 tribuit.
929 2638 1000 2698 Aut
1014 2629 1104 2722 plene
1120 2631 1308 2704 deusdedem
1321 2633 1427 2704 locum

164 2719 250 2794 hunc
267 2727 425 2822 allegavit,
451 2753 503 2802 aut
520 2734 610 2802 talem
627 2731 698 2802 inde
714 2727 945 2798 conclusionem
961 2726 1068 2793 elicere
1083 2721 1199 2796 debuit.
1226 2728 1284 2798 Sed
1294 2756 1308 2798 a
1319 2726 1429 2799 beatis·

164 2816 233 2890 limi
247 2823 401 2896 Doctoris
417 2851 519 2898 mente
535 2825 750 2899 alienillimum
766 2823 797 2896 id
811 2820 881 2893 fuit.
907 2821 1000 2890 Dicit
1016 2822 1040 2892 is
1060 2819 1209 2914 Christum
1223 2825 1316 2893 tribus
1323 2825 1428 2894 diebus

163 2937 316 2986 meam
328 2922 384 3013 esse
399 2927 545 3023 votuisse,
571 2924 748 3023 &quidem
765 2919 936 3002 rerilltme,
962 2941 1034 2986 cum
1050 2914 1148 2986 tribus
1158 2916 1428 3007 diebuscivilibus,

161 3008 216 3084 seu
233 3013 333 3084 tribus
351 3026 562 3110 sugemem,
587 3023 722 3092 omnino
735 3022 768 3088 in
785 3037 886 3086 morte
903 3009 1212 3100 Servatormonlerit,
1238 3037 1273 3084 ut
1284 3021 1424 3114 Cap.lV.

164 3109 332 3202 probatum
347 3115 497 3188 dedimus.
530 3121 646 3190 Trium
664 3117 806 3187 noliinm
822 3112 911 3182 nullo
925 3110 1009 3202 apice
1025 3110 1169 3180 meminit
1185 3111 1199 3176 d
1218 3109 1430 3204 Χρυσοῤῥῆμων.

161 3209 240 3288 Imo
260 3208 431 3282 luculenter
455 3212 607 3300 ostendit,
657 3215 711 3284 uid
726 3237 788 3377 per
816 3203 935 3278 Christi
958 3214 1032 3295 τρεῖς
1057 3209 1163 3293 »irrepat
1178 3205 1227 3296 rei
1243 3217 1308 3297 τρεῖ,
1328 3208 1426 3286 adalae

160 3303 448 3403 Mattlr.llll‚4ca
475 3313 613 3406 intellige
658 3335 712 3382 um
738 3330 785 3392 tt,
809 3327 922 3399 nempe
937 3322 995 3370 tres
1012 3300 1076 3372 dies
1091 3302 1428 3388 dandr,seutriduum

162 3400 271 3484 civile,
282 3402 332 3472 vel
348 3433 416 3491 epta
437 3409 627 3495 ipepotlelto.
678 3407 789 3478 Minus
804 3402 880 3472 dicit
895 3395 998 3496 quoad
1008 3421 1164 3470 externam
1181 3399 1426 3500 verborumlpe·

161 3496 260 3580 ‘lem’
286 3523 383 3595 quam
398 3501 461 3602 ipse
476 3501 620 3577 Christus
636 3501 770 3574 dixerat:
797 3504 830 3568 δι
846 3497 983 3594 Longius
990 3517 1092 3566 tamen
1100 3505 1164 3586 ejus
1173 3501 1346 3570 orationem
1357 3522 1426 3572 tan-

164 3616 261 3688 quam
287 3599 526 3688 ἐμφαῖικωτέραι
554 3603 590 3674 ad
617 3597 735 3669 Christi
760 3594 853 3668 verba
876 3595 984 3666 elatius
998 3595 1173 3690 explicanda
1190 3594 1324 3668 adhiberi
1341 3593 1427 3690 polle

161 3692 292 3782 putarit.
318 3693 411 3768 Nihil
427 3701 552 3771 ulterius
569 3700 702 3781 indicat,
727 3719 822 3793 quam
837 3687 900 3789 ipse
915 3687 1057 3762 Chrilius
1065 3689 1146 3785 Jth.
1158 3695 1205 3778 ll,
1221 3717 1272 3776 19.
1298 3691 1430 3762 asserue·

163 3806 227 3874 tat,
251 3781 281 3862 le
305 3793 454 3876 nitnirtm
473 3797 632 3894 templum
656 3795 796 3894 corporis
820 3786 866 3864 lui
882 3795 1025 3976 (opertae
1039 3785 1450 3959 iptpatrrcsuscitttuppinnrg,
