3658 4728
398 219 478 329 348
592 207 1539 327 JourniVartnrtrurDrnrnrst

398 373 489 424 tetur.
523 353 568 424 Et
582 358 704 425 Annos.
720 353 763 425 ad
782 353 904 427 Mart.
912 358 1007 429 XXV
1004 358 1119 449 II,45.
1144 349 1244 422 Nihil
1261 345 1461 451 instriprrirae
1476 344 1660 421 Marciaue

271 539 274 552 Ι
399 447 554 544 johannis
579 471 685 522 contra
708 451 969 543 vetustissimorum
989 453 1127 522 codicum
1145 463 1193 522 (θ’
1215 449 1419 541 pissoceros
1445 447 1658 518 audrritaetm

399 545 764 634 immutandum,tertset.
803 552 920 648 Neque
932 552 1015 620 enim
1034 551 1076 620 ira
1094 544 1218 619 interse
1234 547 1280 618 illi
1295 563 1453 644 pugnant,
1478 547 1555 643 quin
1567 540 1659 616 facile

396 644 554 714 conciliari
578 667 702 740 queant.
753 653 864 717 Prater
888 671 1090 718 communem
1113 647 1196 715 illam
1206 642 1388 741 Judaisque
1399 638 1578 712 familiarem
1591 641 1655 712 diei

396 739 430 807 in
454 743 528 810 XII.
555 736 644 810 horas
665 743 887 836 partitionem,
920 746 976 813 alia
998 767 1130 842 quoque
1153 738 1287 830 ejusdem
1313 743 1346 810 in
1373 743 1435 810 IV.
1448 737 1655 835 quadrantes,

397 830 477 905 srcut
494 838 596 916 nostis
615 839 648 906 in
666 843 726 910 IV.
743 841 884 937 vigilias,
900 837 1010 912 divisio
1025 842 1058 910 in
1075 837 1132 910 usu
1146 859 1219 908 erat.
1268 834 1416 928 Quilibet
1428 835 1579 931 quadrans
1598 854 1659 904 tres

397 927 488 1002 horas
515 933 802 1028 complebiebatur,
837 942 871 1005 δι
895 932 993 1006 ferme
1018 934 1057 1005 ab
1081 937 1131 1006 illa
1146 933 1246 1021 bora,
1272 957 1343 1030 quae
1358 933 1483 1003 initium
1498 933 1527 1000 ei
1542 927 1659 1017 dabat,

397 1029 635 1193 appellationem
660 1026 851 1102 sortiebatur.
900 1034 1024 1102 Primus
1048 1058 1066 1102 a
1087 1033 1186 1129 prima
1208 1030 1246 1102 ad
1264 1032 1383 1102 tertiam
1409 1024 1657 1114 extendebatur,

412 1123 550 1194 erundus
567 1151 584 1195 a
601 1129 686 1196 tertia
703 1127 739 1196 ad
757 1124 888 1214 sextam,
914 1131 1021 1198 tertius
1037 1155 1054 1199 a
1068 1126 1148 1199 sexta
1161 1127 1198 1198 ad
1215 1151 1349 1214 nonam,
1373 1133 1436 1196 &o
1486 1126 1567 1194 Mos
1579 1123 1660 1193 illee

396 1222 508 1316 templi
533 1216 755 1292 consuetudine
775 1245 864 1294 natus
885 1224 1029 1312 videtur,
1057 1223 1112 1295 ubi
1128 1221 1271 1294 sacrificia
1287 1230 1321 1295 δι
1337 1247 1441 1319 preces
1454 1219 1529 1292 bora
1544 1221 1660 1302 tertia,

397 1311 481 1386 sexta
498 1324 532 1387 δι
547 1341 631 1388 nona
648 1315 716 1388 fieri
728 1311 876 1392 solebant.
910 1323 1000 1392 Hine
1016 1320 1073 1393 ubi
1090 1319 1232 1392 stauntm
1250 1345 1378 1416 precum
1393 1313 1660 1403 mentio'fit,non

399 1413 456 1484 alia
486 1408 550 1482 fere
572 1412 718 1486 horarum
741 1416 869 1486 nomina
893 1440 1072 1489 occurrunt.
1121 1420 1172 1488 Sic
1197 1419 1275 1487 Asi.
1292 1420 1357 1500 ΙΙΙ,
1381 1439 1409 1486 ι.
1435 1411 1511 1509 ὥραν
1529 1422 1662 1500 riema-

400 1515 511 1597 ιιυχιῖι
527 1505 647 1590 braim
664 1511 763 1607 leges3
791 1519 824 1584 δι
839 1537 867 1583 r.
882 1517 931 1600 X,
949 1539 981 1604 9.
1019 1522 1148 1586 Petrum
1165 1537 1271 1610 preces
1288 1510 1397 1584 fudisse
1412 1519 1480 1600 περὶ
1496 1508 1570 1600 ὤραν
1584 1508 1662 1589 seint

400 1602 617 1700 deprehendes.
667 1608 773 1680 Etiam
796 1609 951 1680 Cornelio
969 1612 1048 1681 circa
1070 1610 1178 1681 horam
1194 1635 1310 1682 nonam
1324 1610 1426 1680 oranti
1447 1608 1591 1706 Angelus
1605 1631 1663 1704 ap-

401 1704 504 1798 paruit
526 1703 639 1774 Artor.
657 1705 742 1796 X,3.
778 1705 854 1776 Inde
879 1705 962 1778 horte
988 1708 1046 1778 illae
1070 1731 1129 1778 ceu
1150 1707 1249 1805 vulgo
1263 1709 1402 1778 notiores
1418 1704 1601 1791 celebrate,
1626 1711 1663 1776 δι

314 1823 320 1832 ·
402 1799 560 1897 quidquid
584 1801 665 1870 inter
685 1801 749 1871 illas
765 1805 889 1890 evenit,
916 1824 951 1874 ut
966 1800 1149 1903 solentque
1168 1806 1203 1875 in
1219 1803 1325 1876 medio
1340 1800 1551 1900 sunt-posta,
1576 1825 1664 1873 nune

404 1893 570 1983 adhunc,
593 1921 679 1967 nunc
695 1896 836 1968 adillum
854 1902 1023 1972 terminum
1035 1902 1128 1974 relata
1142 1899 1223 1973 sunt.
1271 1901 1356 1972 Vide
1373 1901 1450 1972 Au.
1470 1903 1519 1984 11,
1539 1918 1590 1991 ις.
1623 1903 1664 1970 ln
1814 1897 1815 1908 ’

405 1989 550 2086 parabola
576 1989 697 2064 Christi
713 1995 839 2066 Mart.
858 2001 930 2083 XX,
948 2021 978 2092 3.
1001 2016 1030 2090 ς.
1049 2005 1082 2070 6.
1107 2001 1150 2070 ita
1162 1996 1262 2083 bort,
1279 2001 1385 2082 tertia,
1410 1994 1490 2067 senta
1504 2001 1538 2066 δι
1556 2019 1663 2079 nona,

333 2121 335 2126 ·
403 2087 519 2182 quibus
532 2092 689 2185 operarios
705 2089 858 2164 conduxit
872 2088 1111 2181 Paterfamilias,
1138 2115 1442 2179 commemorantur,
1468 2113 1504 2162 ut
1524 2093 1664 2164 moereas

403 2184 488 2253 nulla
511 2189 699 2260 nominetur.
750 2185 825 2262 Post
847 2213 963 2264 nonam
979 2211 1084 2282 autem
1096 2191 1266 2263 undecimae
1278 2188 1408 2279 saltem,
1433 2211 1470 2260 ut
1486 2186 1583 2259 asine
1599 2189 1662 2261 diei

403 2283 580 2373 proxima,
614 2287 734 2356 mentio
756 2285 901 2378 injicitur.
953 2289 1030 2357 Huc
1052 2290 1157 2386 itaque
1171 2289 1329 2384 pertinet,
1354 2286 1441 2386 quod
1457 2283 1665 2384 Euangeliiie

401 2375 541 2449 similiter
556 2380 589 2449 in
604 2380 743 2474 pastione
758 2380 984 2456 Christi'horas
1000 2389 1143 2471 terrim,
1160 2387 1283 2479 sextam
1300 2398 1348 2457 (ν
1361 2409 1472 2454 nonam
1487 2383 1663 2480 indigitent.

399 2473 529 2544 Marcus
545 2480 580 2544 δι
593 2475 844 2572 johannesdum
858 2479 1096 2554 crucifixionem
1110 2485 1277 2554 Senatoris
1293 2485 1373 2553 circa
1388 2479 1477 2552 horas
1490 2483 1610 2552 tertiam
1627 2486 1663 2550 de

286 2625 288 2628 .
402 2565 516 2640 sextam
536 2565 648 2642 fatam
664 2573 825 2662 indicant,
850 2577 938 2648 illum
955 2575 1017 2648 diei
1034 2577 1233 2675 quadrantem
1247 2581 1381 2651 omnino
1394 2576 1578 2674 defignant‚
1603 2577 1661 2673 qui
1801 2585 1803 2590 '

404 2689 422 2734 a
438 2669 525 2735 tertia
543 2664 619 2737 hora
633 2670 761 2764 incipit,
786 2677 821 2746 δι
837 2671 998 2746 insertam
1013 2673 1130 2746 desmir.
1174 2677 1317 2775 Uterque
1334 2675 1416 2748 idem
1425 2696 1548 2770 tempus
1556 2695 1661 2759 noar,

403 2785 471 2831 non
493 2761 661 2836 diversum·
706 2767 831 2840 Marcus
858 2765 1019 2840 Christum
1042 2770 1177 2844 secundo
1199 2773 1261 2844 diei
1283 2771 1449 2870 quadrante
1473 2767 1659 2843 crucifixum

404 2859 506 2944 dicit,
538 2883 579 2929 eo
603 2863 780 2949 nimirum,
813 2866 871 2961 qui
894 2892 911 2937 a
933 2869 1020 2938 tertia
1040 2866 1117 2940 hara
1139 2871 1301 2940 exordium
1325 2867 1661 2940 &denominationem

404 2952 530 3026 habuit:
557 2981 623 3029 non
637 2959 730 3030 initio
745 2960 939 3058 quadrantis,
965 2963 1166 3049 tertianam,
1191 2962 1365 3061 suspensum
1380 2961 1524 3037 ostendit.
1573 2965 1662 3037 Idem

407 3055 449 3124 ait
461 3050 636 3148 johannes,
661 3054 738 3128 dum
755 3057 828 3149 ripae
846 3060 913 3128 drea*
930 3059 1000 3137 ’ἐὼν
1024 3056 1113 3132 suisse
1126 3060 1230 3132 dotet.
1261 3065 1419 3134 Notanter
1432 3061 1516 3134 addit
1528 3063 1665 3156 particu-
1711 3149 1714 3154 Ι

293 3131 310 3164 ⁰
405 3147 466 3218 sam
483 3149 568 3237 ωἰιῒ,
593 3175 632 3222 ne
648 3151 736 3226 horat
753 3153 862 3248 ςιγμιῖι
876 3159 1037 3254 inteliigas.
1088 3159 1170 3228 Non
1185 3156 1306 3252 praecise
1322 3158 1399 3230 hora
1413 3157 1493 3230 sexta
1509 3155 1589 3230 suit:
1606 3179 1666 3228 nec

407 3245 504 3336 longe
529 3266 633 3318 tamen
647 3245 755 3323 abfuit.
805 3257 844 3324 In
859 3277 899 3325 eo
914 3255 1081 3350 quadrante
1095 3254 1127 3325 id
1141 3250 1258 3326 fastum
1277 3253 1445 3352 fignificat,
1470 3279 1566 3352 quern
1581 3250 1662 3324 sexta

408 3335 486 3410 hora
499 3346 651 3414 terminat
701 3349 817 3445 Sitque
830 3351 913 3421 nulla
931 3352 1020 3445 piane
1034 3351 1114 3422 inter
1126 3350 1248 3422 divirtos
1262 3351 1442 3422 Historicos
1458 3352 1663 3423 contrarietas.

407 3433 575 3510 Mattheus
590 3445 624 3512 δι
641 3442 771 3530 Lucas„
785 3443 861 3515 durn
875 3473 892 3516 a
908 3444 989 3519 sexta
1002 3445 1040 3518 ad
1048 3471 1164 3520 nonam
1171 3446 1310 3519 tenebras
1318 3449 1411 3519 fastus
1418 3449 1668 3544 indicant,opti·

408 3556 462 3608 ane
475 3533 685 3623 concordant,
709 3558 745 3608 ut
760 3545 794 3614 δι
812 3537 874 3635 ipse
890 3546 1017 3618 Marcus
1033 3543 1118 3616 idem
1132 3541 1258 3616 asserens
1274 3569 1382 3616 comm.
1395 3571 1409 3642 3
1420 3571 1450 3644 3.
1469 3543 1615 3617 Christus
1632 3567 1669 3616 e-

409 3633 477 3702 nim
491 3653 561 3702 ante
573 3626 687 3702 sextam
704 3633 937 3714 crucifixusest.
962 3644 1055 3712 Brevi
1070 3664 1174 3712 autem
1187 3640 1258 3739 post
1273 3638 1387 3712 sexum
1401 3639 1669 3738 tenebraingrue-

408 3751 489 3796 ιιιιιι.
540 3731 612 3798 Hac
625 3731 744 3800 ratione
761 3736 864 3804 omnis
878 3733 930 3805 hic
946 3734 1110 3808 difficultas
1123 3735 1290 3825 evanescit,
1315 3739 1670 3836 quidquiddemumoe·
1722 3755 1727 3766 “
1813 3821 1814 3826 1

408 3820 490 3895 eioat
505 3825 660 3924 Langius,
684 3833 773 3922 cujus
790 3831 934 3932 audactda
950 3833 1102 3908 seneffia
1118 3831 1152 3908 iti
1169 3831 1333 3934 spongiam
1347 3833 1512 3912 incumbit
1539 3833 1671 3910 Consu-

1616 3931 1668 4021 ic,
