3658 4726
391 195 472 357 {9⁶
551 333 555 341 ι
643 222 984 312 GronoErtrC.
1018 226 1365 310 Pnr'erenmus

334 414 336 418 .
428 371 579 468 ineipatus
601 372 773 467 praevaleret
790 371 820 441 di
868 372 944 457 itas,
969 368 1200 469 Pontificesque
1218 373 1318 468 palam
1336 369 1535 465 Imperatoris
1551 367 1659 481 domi,

392 561 417 632 li
433 467 486 584 ¹¹9.
502 493 540 539 ue
561 465 767 633 suggerentur
788 395 898 635 (ξίξξίο
913 517 924 553 ,
936 468 1043 635 ilpribu
1058 473 1181 540 interim
1196 467 1282 634 Jtpdp
1292 469 1418 634 Psilsds
1434 462 1464 534 se
1480 487 1662 632 {optinente

397 567 1660 760 cell„‚lenlllssllplllffigllnlelll,llil,illeille

390 755 616 924 τοίοΙγωίΓᾙο
630 760 748 854 captis,
773 760 897 854 populo
913 762 1097 856 religionem
1112 761 1269 855 patriam,
1285 764 1465 831 &omnem
1477 757 1659 920 eripereco-

393 875 517 924 naretur
538 855 560 924 li
601 875 733 941 reatem,
759 879 857 925 nemo
871 856 908 926 de
924 855 1008 928 tribu
1025 855 1122 952 juda,
1146 877 1201 926 aut
1214 857 1310 952 Regii
1324 855 1497 959 sanguinis,
1535 851 1571 922 ed
1584 854 1660 922 Ma-

394 947 522 1036 rathus,
544 951 700 1041 'Johannis
723 951 824 1036 filius,
852 954 989 1024 Simonis
1010 977 1109 1049 nepos
1115 1004 1126 1038 ,
1152 951 1191 1022 ab
1214 951 1310 1022 abavo
1335 951 1522 1022 Almonaeus
1540 947 1661 1034 diuus,

392 1047 513 1141 pomus
528 1048 564 1120 ad
585 1071 668 1119 arma
686 1051 907 1134 conclamavit,
932 1047 1053 1146 suoque
1073 1049 1234 1144 exemplo,
1259 1072 1336 1144 opes
1352 1051 1512 1145 vitamque
1527 1044 1663 1116 libertati

395 1143 592 1239 impendere,
617 1142 733 1214 stadios
748 1153 809 1233 jam
824 1141 950 1241 Judaeos
967 1148 1086 1216 docuit.

442 1243 517 1311 Fuit
531 1261 635 1312 autem
651 1239 701 1311 hic
722 1241 906 1327 Matathias,
934 1266 970 1312 ut
985 1245 1111 1314 Aridior
1124 1241 1256 1314 historice
1274 1239 1486 1314 Mactabcicae
1500 1246 1575 1337 Cap.
1586 1265 1614 1310 2.
1625 1242 1662 1310 in
1812 1314 1815 1330 ⁸

393 1336 494 1433 princ.
512 1343 546 1407 δι
563 1361 629 1437 cap.
645 1341 734 1411 XIV.
751 1364 781 1408 n.
794 1363 846 1428 29.
865 1362 923 1411 nec
943 1366 1009 1410 non
1025 1337 1177 1438 josephus
1194 1339 1247 1410 lib.
1262 1340 1342 1409 ΧΙΙ.
1356 1359 1421 1436 cap.
1432 1341 1463 1408 8¹.
1488 1335 1660 1410 testantur:

398 1441 491 1525 lmese
506 1436 536 1514 ἐξ
554 1440 719 1523 ἐφημερίας
734 1435 914 1527 'ledesma
965 1436 1112 1510 Sacerdos
1131 1438 1270 1520 exvice,
1296 1432 1663 1530 &ltaeitfamiliapw
1783 1437 1788 1448 ’

395 1528 552 1600 dariffimi
566 1532 669 1617 illius,
695 1535 851 1628 &prima
868 1529 957 1604 sortis
972 1533 1151 1616 sacerdotia,
1161 1532 1279 1630 joaribi
1288 1583 1298 1617 ,
1309 1535 1365 1629 qui
1375 1558 1412 1604 ex
1428 1532 1557 1629 posteris
1568 1531 1662 1602 Elea-

395 1626 492 1711 eatis,
517 1623 576 1698 filii
591 1630 739 1699 Aaronis.
782 1630 835 1699 De
853 1655 920 1726 quo
934 1629 1083 1702 videndus
1098 1629 1262 1702 historicus
1277 1623 1414 1716 sanum,
1440 1627 1494 1700 lib.
1518 1651 1532 1697 r
1547 1627 1663 1699 Claram

396 1741 465 1820 cap.
474 1727 594 1796 XXIV.
610 1750 641 1794 n.
652 1749 683 1818 7.
725 1725 883 1797 Marathiae
902 1725 972 1796 satis
986 1727 1189 1812 concedenti,
1215 1724 1352 1798 succeffit
1369 1725 1453 1797 silius
1468 1727 1580 1826 Judas,
1604 1749 1665 1796 co-

396 1840 573 1915 gnomento
594 1820 805 1907 Maccabaeus,
830 1823 887 1919 qui
912 1823 1096 1918 Dynastiam
1112 1827 1274 1922 politicam
1295 1821 1491 1921 pontificatui
1512 1831 1665 1919 jungens,

397 1941 483 1986 arma
498 1925 533 1987 de
550 1943 632 1988 aram
648 1943 709 1989 una
723 1945 818 1990 manu
834 1923 979 2004 erudiere,
998 1925 1116 2016 primus
1131 1919 1279 2005 instituit,
1297 1945 1312 1989 r
1326 1919 1476 1994 Macco.
1490 1947 1520 2020 3.
1530 1933 1577 1990 (r
1577 1918 1664 2016 seqq.

396 2007 471 2110 Jose
493 2012 551 2084 hus
564 2013 616 2084 nl.
628 2021 709 2086 XII.
725 2040 792 2118 cap.
807 2041 861 2091 12.
875 2023 908 2087 δι
923 2041 975 2104 17.
1002 2014 1213 2090 Successorem
1227 2035 1330 2088 autem
1348 2013 1513 2115 utriusque
1526 2015 1664 2113 dignita-

402 2110 443 2180 tis
507 2131 585 2182 nem
604 2110 712 2184 hebuit
726 2113 951 2214 Jonathanem,
984 2141 997 2186 1
1014 2113 1163 2186 Maccab.
1181 2135 1247 2210 cap.
1257 2139 1288 2202 9.
1322 2111 1475 2214 Josephus
1488 2111 1543 2185 lib.
1558 2115 1663 2184 XIII.

398 2229 468 2301 cap.
483 2229 514 2278 1.
526 2214 604 2376 &lp
622 2213 681 2308 qui
696 2211 878 2380 Tryphonis
895 2212 1041 2308 perfidie,
1067 2220 1102 2284 δι
1119 2233 1243 2307 captus,
1270 2219 1304 2282 δι
1320 2209 1429 2296 casus,
1456 2213 1579 2281 Simoni
1597 2207 1665 2280 sm·

399 2306 443 2376 eri
466 2305 562 2401 Dyna
589 2310 669 2388 iam,
694 2314 729 2378 dc
781 2311 955 2381 cerdotium
972 2311 1108 2409 reliquit.
1136 2307 1429 2394 emmunim,
1444 2313 1478 2378 de
1490 2311 1573 2406 seqq.
1604 2307 1667 2402 Jo-

397 2397 512 2496 sephus
525 2401 697 2477 cellit.
715 2429 752 2473 ca
776 2411 863 2480 .XV.
911 2409 979 2478 Hic
997 2411 1106 2478 Simon
1122 2405 1195 2476 lieet
1211 2407 1281 2476 alias
1297 2413 1329 2476 de
1348 2403 1450 2490 bello,
1475 2411 1509 2475 &
1526 2427 1600 2501 pace
1613 2401 1667 2472 fe·

398 2495 583 2584 liciffimus,
609 2427 819 2599 omnibuspue
836 2502 944 2575 charus
958 2501 1130 2586 exstiterit,
1155 2503 1283 2574 eandem
1300 2523 1404 2573 tamen
1420 2499 1578 2574 fortunam
1594 2495 1667 2596 pas-

400 2589 452 2664 sus
468 2592 533 2666 esi:
558 2593 714 2670 infelicior
729 2595 839 2686 fratte,
865 2600 953 2699 quod
968 2625 1034 2671 non
1051 2603 1165 2684 aliena,
1186 2595 1236 2670 sed
1250 2602 1355 2697 generi
1371 2601 1549 2684 Pentemaei,
1566 2593 1665 2693 perfi-

403 2688 455 2759 dia
471 2693 615 2786 perierit,
636 2717 650 2763 1
667 2695 817 2767 Maccab.
834 2725 861 2768 c.
875 2709 926 2768 16.
968 2694 1176 2770 Successorem
1192 2717 1295 2768 tamen
1311 2694 1418 2766 habuit
1432 2693 1664 2791 filiumJohan-

400 2791 1489 2988 lllllll‘slllllillll’qlllllllsllellslllr,
1503 2795 1665 2986 ξέὲίἶῖἶ

403 2999 472 3051 tum
487 2981 654 3079 judaicum
669 2985 706 3057 ad
721 2983 880 3082 pristinam
895 3011 1039 3061 revocare
1054 2985 1257 3076 majestatem,
1283 3011 1464 3083 nomenque
1472 2987 1569 3084 Regis
1576 2911 1666 3053 usser-

372 3163 375 3171 ,
403 3101 495 3172 pure,
519 3075 608 3148 ausus
623 3075 703 3168 suit,
729 3081 881 3179 josephus
896 3085 927 3154 d.
942 3088 965 3154 l.
976 3089 1072 3154 XIII.
1090 3105 1157 3183 cap.
1173 3109 1226 3173 19.
1251 3085 1310 3154 Sed
1324 3083 1493 3154 admodum
1504 3082 1594 3152 breve
1603 3079 1666 3149 lur-

403 3181 452 3260 jus
465 3177 572 3271 gloriae
588 3173 651 3247 fuit
668 3179 826 3276 gaudium.
862 3183 948 3252 Nam
963 3183 1015 3250 vix
1033 3205 1116 3251 anno
1131 3179 1233 3276 elapso
1247 3204 1376 3250 omnem
1388 3179 1465 3251 hane
1481 3179 1666 3274 dignitatem

404 3269 586 3342 Alexandro
601 3269 705 3358 fratri,
731 3279 841 3348 mortis
854 3279 988 3374 imperio
1006 3279 1177 3376 relinquere
1192 3279 1318 3348 condius
1331 3273 1401 3348 fuit.
1428 3278 1493 3346 Hic
1502 3273 1667 3344 veroduos

405 3365 533 3463 reliquit
547 3366 648 3454 filios,
667 3375 877 3467 Hyrcanum,
904 3377 961 3471 qui
978 3370 1121 3472 segnior,
1147 3397 1242 3470 quam
1256 3371 1378 3468 spiritus
1393 3375 1514 3470 Regios
1525 3367 1667 3458 decebat,

407 3469 442 3533 dc
458 3461 697 3563 Aristobulum,
721 3467 907 3540 industrium
929 3471 1074 3566 quidem,
1099 3468 1149 3542 sed
1165 3473 1379 3557 temerarium,
1405 3463 1667 3542 &ambitiosum

407 3559 588 3632 Alexandro
603 3584 736 3633 mortuo
749 3589 829 3634 uxor
844 3571 931 3655 ejus,
957 3567 1151 3652 Alexandra,
1161 3565 1263 3638 filium
1279 3571 1463 3663 Hyrcanum
1478 3563 1668 3638 Pontificem

406 3655 586 3732 constituit:
613 3655 675 3754 ipsa
696 3685 789 3747 vero,
813 3683 962 3757 pretextu
978 3662 1150 3736 testamenti
1164 3667 1265 3735 miti
1279 3661 1438 3748 defirnffl,
1464 3665 1551 3762 regni
1568 3657 1668 3732 susce-

404 3757 455 3922 pit
467 3753 693 3850 gubernaculo,
718 3755 927 3831 consentiente
943 3769 977 3832 δι
994 3759 1067 3832 filiis
1082 3767 1117 3832 dc
1133 3763 1265 3858 populo.
1290 3763 1373 3832 Fatis
1389 3785 1465 3833 vero
1476 3765 1591 3831 cum&
1602 3757 1668 3830 lraee

420 3849 633 3942 uccuanbetet,
658 3857 824 3952 Hyreurus
840 3879 977 3958 regnum
989 3855 1189 3955 pontificatui
1204 3883 1293 3963 more
1308 3863 1463 3956 majorum
1478 3855 1578 3932 nusus
1588 3879 1669 3968 eon-

483 3987 486 3992 .
1587 3977 1664 4047 lutt-
