3636 4732
325 249 1192 347 Mircanats,arRoucat11s.
1331 265 1413 377 613

146 390 197 462 vel
211 389 258 460 G.
268 385 334 462 sere
347 386 624 472 substituentes&
640 386 673 455 in
689 381 842 456 concursu
857 382 986 456 duarum
996 390 1062 460 LL.
1076 414 1170 462 unam
1180 395 1212 464 in
1223 399 1248 465 Ι.
1260 416 1415 472 mutantes

149 490 349 572 Roncaeliam,
374 485 502 584 quidam
526 481 609 554 forte
625 507 756 579 qnoque
775 482 843 550 Itali
859 481 918 550 luae
933 483 1047 580 linguae
1063 489 1162 581 aptius
1181 493 1418 566 Romandi'olam

148 580 306 668 fecerunt,
330 583 458 680 quidam
482 583 575 652 etiam
600 577 718 650 duabus
744 579 854 648 vicinis
876 575 1023 664 vocibus,
1048 583 1130 654 unde
1149 583 1315 660 derivatam
1333 593 1419 666 illam

147 679 416 777 compositamque
429 679 604 761 crederent,
632 676 856 771 expresserunt,
882 673 965 745 huuc
980 677 1084 748 aetum
1098 705 1262 771 vocantes,
1288 691 1418 759 Romam

149 775 324 862 ambulare,
349 778 435 847 utin
453 773 554 846 charta
568 775 662 846 veteri
679 769 864 854 investitura
880 768 936 840 sub
960 774 1082 844 Kaiolo
1096 778 1147 848 M.
1171 805 1265 876 quam
1289 783 1416 858 Golda-

149 871 213 943 llus
228 877 260 944 in
276 873 477 946 Germanicis
491 874 578 941 Tem.
591 891 662 943 2.n.
678 869 730 961 58.
745 869 891 957 adduxit,
916 865 991 954 ubi,
1016 873 1156 964 Kasaellus
1171 899 1235 946 Lxx
1246 879 1414 969 fiilidisv·

151 969 287 1042 Calatis
300 997 330 1044 v.
347 995 417 1041 cum
424 972 541 1068 strumis
557 980 604 1036 (ν’
618 964 702 1060 tufiis
720 981 765 1036 (7⁴
775 963 893 1058 filaris,
917 968 1415 1070 cumquestraturafieainssrnslus

151 1089 295 1162 apparere
305 1065 429 1165 jubetur
444 1065 488 1135 ad
503 1068 737 1150 Imperatorium
756 1071 831 1147 iter,
855 1059 899 1130 ad
916 1066 1044 1132 Romam
1067 1067 1296 1147 ambulandum.
1347 1079 1416 1147 Alii

32 1205 37 1214 ·
149 1165 457 1262 Transalpisationem
470 1186 530 1260 pro
544 1160 698 1234 Roncalia
712 1158 812 1230 dicere
829 1158 1024 1247 maluerunt,
1049 1185 1066 1232 c
1090 1163 1187 1236 veluti
1210 1193 1228 1264 ς
1252 1167 1415 1265 proferen-

147 1281 203 1333 tes.

194 1363 268 1430 ΧΗ.
293 1361 346 1431 Sic
369 1383 498 1459 quoque
522 1358 604 1456 apud
619 1353 831 1429 Balsamonem
845 1357 879 1426 in
895 1357 974 1426 Can.
985 1351 1041 1428 62.
1065 1359 1182 1454 Synodi
1196 1369 1235 1458 6,
1255 1387 1328 1434 cum
1346 1365 1413 1437 Ca-

148 1453 307 1528 lendarum
326 1455 439 1530 sellum
458 1457 562 1556 (quod
577 1456 688 1552 primis
700 1453 840 1543 januarii
861 1449 972 1522 mensis
993 1452 1101 1525 diebus
1121 1457 1337 1548 celebraretur)
1364 1462 1413 1534 se-

148 1549 230 1624 stum
244 1555 378 1626 alienum
394 1553 453 1626 esse
467 1552 602 1638 dixisset,
617 1554 699 1624 allud
715 1548 813 1621 simile
828 1547 928 1622 statim
936 1545 1067 1620 subdens
1076 1578 1133 1623 ceu
1140 1559 1250 1649 pariter
1258 1558 1391 1629 alienum
1399 1609 1412 1645 ,

149 1663 197 1719 (ν’
210 1676 246 1719 ea
265 1653 393 1748 (pergit)
408 1678 470 1746 que
483 1652 628 1720 dictentur
642 1646 791 1740 istaista,
814 1672 875 1743 que
886 1646 951 1814 ppll
966 1646 1105 1738 unnim
1130 1653 1246 1748 Pascha
1269 1680 1308 1723 ex
1322 1659 1410 1727 mala

146 1747 351 1840 confhetudint
358 1745 444 1840 fiunt
459 1755 493 1818 in
508 1753 640 1817 aaronis
653 1741 833 1842 regionibus.
925 1741 957 1816 bi
972 1768 1031 1838 pro
1048 1745 1176 1832 ρέσοίλια
1192 1745 1292 1820 scribo
1307 1753 1411 1841 ῥοιαί-

147 1861 204 1912 aaa
219 1845 267 1915 vel
281 1845 440 1936 pavidare,
467 1842 585 1916 tametsi
599 1844 689 1915 alicui
705 1841 802 1913 videri
825 1839 943 1937 possint
966 1839 1151 1938 Robigalia,
1166 1867 1198 1931 7.
1214 1844 1286 1918 Cal.
1310 1851 1411 1940 Maias

145 1945 242 2029 (juxta
257 1941 405 2026 Festum)
429 1939 582 2014 sacrificiis
599 1965 658 2036 pro
674 1937 836 2012 aveuenda
851 1935 995 2035 rubigine
1010 1937 1166 2012 celebrata.
1216 1942 1325 2018 Verba
1339 1949 1411 2018 Bal-

148 2033 282 2109 santonis
297 2039 338 2112 sic
353 2036 486 2112 habent:
512 2043 645 2115 Τοιαύτη
664 2039 827 2126 aarspvpt‘t
845 2043 884 2108 t'ts
897 2036 950 2127 eei
965 2032 1008 2104 toi
1023 2032 1318 2130 nepo‘pesuoep‘reaima
1328 2097 1338 2126 ,
1365 2041 1410 2115 tei

148 2131 233 2226 patrol
254 2131 290 2204 ad
304 2136 392 2227 ἅγιον
410 2135 526 2226 πάσχω
544 2137 607 2206 dard
628 2131 876 2214 instaurastis<
893 2138 924 2202 dt
942 2149 1007 2206 ταῖς
1026 2132 1083 2218 ἔξω
1098 2138 1211 2226 χώραις
1225 2137 1378 2232 prespiter.
1441 2171 1445 2180 ·

1 2261 2 2264 ¹
196 2237 286 2304 Xlll.
319 2238 385 2304 Suo
409 2259 539 2332 quoque
561 2232 661 2304 modo
684 2231 977 2326 septentrionalium
998 2229 1060 2302 huc
1086 2234 1235 2308 accedunt
1259 2242 1410 2332 Majalia

1 2331 2 2366 ⁴
142 2327 238 2419 festa,
264 2327 367 2420 (sicuti
382 2355 417 2402 ea
433 2328 620 2428 Upl'aliensis
635 2325 811 2424 Episcopus
828 2327 928 2396 Olaus
943 2329 1081 2424 Magnus
1089 2329 1141 2400 til
1158 2353 1208 2426 15.
1218 2355 1252 2433 p.
1265 2359 1339 2421 322.
1355 2339 1408 2406 iri·

1 2445 2 2450 ’
76 2433 77 2440 ’
141 2423 258 2521 scripsit
267 2436 294 2512 ,)
305 2432 445 2524 quamvis
459 2449 587 2524 propter
603 2427 768 2500 tardiorem
780 2424 940 2521 temperati
956 2427 1031 2494 aeris
1039 2425 1247 2502 adventumad
1257 2434 1409 2530 Vigiliam

141 2523 286 2596 Natalitii
303 2527 347 2595 D.
364 2523 514 2624 Jobannis
535 2529 626 2622 Rapt.
644 2521 830 2594 differantur.
881 2529 903 2563 “
911 2522 1002 2592 Turn
1023 2523 1150 2596 demum
1174 2528 1322 2599 omnibus
1345 2552 1408 2600 tam

146 2620 274 2708 “silvis,
301 2647 394 2717 quam
409 2625 502 2720 piatis
522 2628 555 2692 &
572 2620 689 2716 campis
705 2615 924 2692 virescentibus
941 2623 972 2688 δι
989 2617 1222 2693 florescentibus
1231 2628 1413 2722 populuso·

1 2755 2 2760 =
146 2720 258 2791 “mnis
275 2714 435 2815 utriusque
452 2712 1415 2819 sextu&etatisturmatiminpublicisplateisurbiumautpla-

145 2816 253 2886 “nitie
273 2839 473 2912 campomm,
499 2815 619 2911 ubique
636 2813 770 2911 copiosis
785 2810 917 2886 accensis
932 2811 1411 2915 ignibus,proelioreistripudi·

144 2913 266 3010 “isque
282 2913 458 2986 exercendis
479 2937 662 2984 concurrere
678 2909 803 2994 solitus,
828 2907 1021 2982 vetustorum
1037 2908 1262 2986 heroumdomi
1272 2913 1410 3012 forisque

144 3005 339 3106 “magnifica
360 3009 444 3110 gesta
458 3007 592 3080 ubilibet
610 3013 643 3080 in
659 3007 748 3079 Orbe
761 3008 879 3102 perassa
895 3004 1031 3080 saltando
1044 3008 1200 3094 decantat,
1225 3014 1316 3086 etiam
1333 3013 1411 3110 quid

143 3105 357 3178 “illustriores
382 3105 524 3191 femina,
550 3131 609 3203 pro
630 3107 748 3177 aetemis
762 3101 923 3175 asserendis
937 3103 1095 3191 laudibus,
1128 3129 1235 3177 amore
1260 3105 1411 3182 servandae

101 3273 105 3284 ,
143 3203 327 3298 “pudicitia
349 3205 553 3300 perfecerunt
604 3209 750 3272 Praettrea
774 3199 851 3296 quid
878 3199 916 3269 de
938 3225 1041 3272 encres

141 3302 165 3342 “
175 3301 313 3372 crudeles
339 3304 488 3394 tyranni,
520 3307 553 3369 δι
579 3322 684 3392 turpes
708 3293 833 3366 femina
857 3224 976 3364 exesusa
998 3225 1155 3368 tinnibat
1171 3227 1337 3392 iecerunt,
1354 3329 1411 3399 pa·

140 3400 163 3435 “
172 3397 236 3467 triis
251 3396 448 3469 cantionibus
466 3403 498 3466 &
516 3395 643 3490 rythmis
659 3390 839 3464 sonantibus
862 3389 1000 3476 citharis,
1025 3418 1060 3461 ac
1075 3393 1158 3464 tibiis
1171 3397 1343 3472 alternatim
1355 3401 1411 3472 ad-

135 3491 288 3572 “ductis,
314 3514 482 3566 exaurant.
509 3493 560 3562 Ut
575 3514 677 3563 tenera
692 3495 837 3578 juventus
853 3483 1014 3584 agnoscat,
1033 3514 1127 3585 quam
1141 3493 1255 3565 excelsa
1267 3493 1410 3593 acsplen·

136 3587 239 3660 “dida
263 3592 361 3663 virtus
385 3589 442 3675 sit,
466 3587 590 3662 aeternis
607 3613 645 3660 ue
667 3583 807 3660 laudibus
829 3584 939 3683 digna,
966 3581 1124 3658 bonorum
1148 3589 1293 3664 inherere
1317 3592 1410 3666 vesli-

139 3687 258 3781 ίἯὶἰε,
290 3695 324 3759 bc
350 3715 367 3758 a
390 3687 526 3783 pessimis
549 3615 661 3760 resilire
691 3709 725 3756 ac
749 3707 917 3780 praecavere
940 3685 1098 3780 exemplis.
1156 3685 1278 3762 lbidem
1304 3712 1408 3761 tamen

140 3783 275 3876 “primo
297 3785 346 3856 die
366 3787 466 3876 Maii,
497 3787 570 3856 Sole
595 3810 649 3882 per
672 3803 795 3854 taurum
819 3802 927 3878 agente
951 3778 1092 3868 cursum,
1118 3783 1212 3866 alium
1232 3787 1326 3857 ritum
1351 3785 1406 3858 fu-

139 3878 276 3976 “gaudae
292 3880 425 3973 hiemis,
450 3890 485 3958 δι
505 3881 686 3981 recipienda
708 3877 944 4050 aestatiffiuhcpis
965 3877 1217 3956 meridionatibus
1237 3891 1269 3956 ὅ(
1287 3882 1410 4054 (porgit

952 4000 966 4072 3
1274 3989 1296 4023 “
1316 3985 1358 4056 cri
1382 3987 1407 4054 it

1068 3203 1076 3218 ’
1101 3203 1169 3274 navi
1195 3227 1233 3273 ue
1258 3205 1380 3278 nobiles
1396 3249 1422 3295 ,·
1506 3216 1516 3225 ’
