3624 4736
395 222 477 308 242
564 184 1514 304 IoniuWnunnnrurDrrnurnr

396 343 479 420 ditos
494 338 558 416 clari
572 337 724 410 existimo.
767 335 965 408 Unaniment
979 329 1096 406 hortun
1114 329 1295 406 consensum
1312 335 1369 406 este
1385 357 1487 431 puto,
1513 336 1601 434 quod
1614 335 1665 416 hie

398 440 461 512 Vir
477 438 592 535 ingenii
609 443 642 506 ὃ(
659 434 840 506 eruditionis
856 431 997 504 humane
1006 433 1155 514 terminos
1164 433 1393 529 propemodum
1402 432 1596 533 tratsgrelsus
1601 489 1612 523 ,
1625 439 1669 511 ita

399 539 479 608 inter
495 535 605 608 doctos
621 553 714 628 caput
727 531 887 617 extulerit,
914 549 951 602 ut
966 553 1073 602 eontra
1086 533 1277 628 antiquitatis
1285 529 1432 602 fiduciam
1441 554 1494 604 aut
1505 555 1585 604 unus
1594 585 1603 621 ,
1613 559 1666 607 aut

401 659 474 704 eum
491 629 694 728 pauciffintis,
724 625 863 701 seculum
881 623 1024 700 nosltum
1038 622 1184 700 absolvat.
1234 632 1285 700 At
1304 648 1497 726 quantopere
1515 631 1666 704 immodi-

401 755 476 802 tutu
490 731 525 798 in
543 723 609 826 ipso
624 726 761 798 novandi
778 727 934 838 pnttitum
951 749 1062 798 omnes
1070 722 1192 796 botuae
1201 723 1318 798 cordati
1328 723 1535 798 detestantur?
1554 734 1666 818 Quan-

401 830 441 900 tis
464 823 521 940 ipsi
537 827 571 896 in
586 825 699 938 delitiis
714 817 1019 994 nppptatessfuetint,
1045 846 1141 920 quam
1157 819 1291 934 studiose
1305 845 1403 935 novas
1422 825 1503 894 cirta
1505 824 1664 988 illogm

399 919 739 1115 ῗἛξῗἛζἛὲξῗ
764 924 1666 1114 ξξιἛξἛῗἛιξἛξἛξξ-ῑιξιξξξζ

399 1118 634 1202 commentarii,
658 1115 705 1186 illi
721 1111 1030 1211 presertim,quibus
1046 1113 1174 1184 Sarrum
1191 1115 1301 1188 veteris
1316 1115 1457 1210 novique
1475 1111 1667 1188 Instrumen-

400 1215 426 1286 ti
442 1212 598 1286 Coclitem
622 1237 659 1282 ex
684 1212 774 1280 licare
789 1207 942 1308 aggressus
960 1208 1016 1282 est.
1065 1207 1116 1282 lbi
1138 1230 1220 1282 cette
1239 1209 1297 1283 ruit
1311 1209 1482 1299 teuteptualt
1497 1216 1668 1303 ἐπιθυμίας

399 1310 589 1384 luculentius
612 1237 854 1390 inlostendit,
879 1331 975 1405 quarn
991 1308 1065 1379 loco
1078 1305 1200 1404 supraa
1217 1306 1310 1380 nobis
1324 1327 1434 1380 notato
1449 1311 1514 1380 inte
1551 1331 1664 1384 retatus

400 1405 455 1482 est
495 1413 588 1500 Quot
603 1426 707 1478 autem
724 1399 909 1502 quantisque
924 1401 1216 1478 hulucirutiontbus
1233 1402 1336 1501 ipsum
1349 1401 1498 1476 familiare
1519 1410 1526 1423 ‘
1555 1407 1596 1480 ud
1613 1429 1665 1490 φι-

398 1504 683 1576 narant'acuitium
700 1497 897 1586 immerserit,
921 1523 992 1572 tum
1007 1504 1097 1574 varie
1112 1504 1202 1575 variis
1217 1501 1452 1600 deargumentie
1460 1503 1663 1580 Etuditotum

399 1624 510 1676 eontra
524 1600 627 1698 ipsum
641 1595 871 1670 lucubrationes
888 1598 901 1670 l
945 1619 1080 1683 uuntut,
1106 1619 1176 1670 tum
1193 1600 1313 1685 cuivis,
1337 1602 1394 1698 qui
1410 1597 1522 1696 scripta
1535 1607 1599 1691 ejus
1613 1605 1662 1674 vel

398 1700 552 1775 mediocri
575 1721 649 1768 curn
664 1697 782 1787 judicio
804 1696 901 1791 legit,
939 1697 1014 1766 acile
1030 1716 1122 1791 patet.
1175 1695 1213 1768 Id
1228 1715 1311 1768 cette
1328 1695 1512 1768 consecuurs
1525 1698 1665 1788 videtur,
1798 1697 1799 1712 ¹

399 1817 439 1868 ut
454 1795 532 1868 stcut
546 1799 611 1886 ejus
652 1792 791 1864 uondam
807 1817 917 1862 manus
931 1817 1042 1863 omnes
1058 1814 1297 1889 oppugnarunt,
1315 1795 1356 1864 ita
1370 1790 1427 1889 ipsi
1444 1800 1507 1886 jam
1519 1797 1665 1870 omniurn

400 1918 512 1966 manus
535 1819 752 1974 adversentur,
787 1887 875 1986 quod
890 1887 929 1960 de
947 1885 1072 1960 lsrnele
1088 1891 1166 1960 olim
1183 1892 1302 1963 dic'mm
1320 1892 1504 1986 accepimus.
1555 1895 1664 1966 Nemo

397 2011 504 2064 autem
519 1984 692 2074 existimet,
708 2011 760 2058 me
775 1986 852 2058 illud
867 1988 1014 2058 novitatis
1029 1988 1159 2058 nomine
1169 1984 1342 2084 defignare,
1351 1985 1439 2085 quod
1448 1989 1573 2079 multis,
1583 2015 1666 2090 quos

398 2081 491 2162 fallax
506 2083 616 2160 fucatae
633 2082 790 2156 ventilatis
805 2083 917 2180 opinio
934 2079 1110 2168 suscitavit,
1127 2108 1248 2158 novum
1257 2107 1293 2155 ac
1301 2081 1433 2155 insolens
1442 2086 1665 2173 videtur,cum

398 2207 471 2260 vere
485 2185 653 2282 antiquum
667 2181 725 2269 stt,
749 2203 994 2278 temporumque
1008 2177 1113 2252 saltem
1130 2182 1250 2276 prolixa
1264 2183 1377 2272 injuria
1383 2181 1538 2256 oblivioni
1548 2183 1664 2260 datum.

396 2279 526 2354 Insanus
539 2283 625 2353 enim
640 2277 751 2368 essem,
777 2278 928 2350 sreotum
944 2276 1180 2350 nonnudarem
1197 2274 1393 2367 industriam,
1408 2277 1665 2378 quipriseamve.
1798 2279 1799 2294 ¹

396 2379 538 2464 ritatem,
564 2401 661 2479 quam
673 2379 774 2490 longa·
785 2376 851 2489 dies
867 2373 1021 2472 sepelivit,
1048 2400 1065 2447 e
1081 2372 1216 2488 teneltria
1232 2375 1381 2490 inlueent
1397 2401 1664 2493 revqcareconan·

396 2468 1664 2674 utlauttuuttttttnttattltutufiuu

395 2665 464 2740 suas
480 2667 539 2740 srbi
555 2666 666 2739 habere
679 2665 772 2766 iulg,
797 2693 894 2742 novas
909 2668 1076 2764 opiniones
1098 2664 1241 2762 fiettlneis
1256 2691 1292 2740 ae
1307 2667 1439 2744 ntinosrs
1453 2667 1664 2752 semdamentis
1798 2739 1799 2742 ,

395 2761 534 2838 litffitltas
548 2763 768 2851 introducere,
792 2761 947 2862 nobisque
963 2786 1085 2837 unnim
1100 2789 1168 2836 non
1185 2765 1290 2840 invitis
1305 2763 1491 2855 obtrudere,
1516 2771 1664 2841 annitun-
1798 2767 1799 2828 ἶ

396 2881 459 2935 tut.
507 2869 617 2957 Quam
633 2863 763 2952 uellem,
787 2883 825 2934 ut
841 2887 879 2932 ex
895 2856 1046 2952 ejusmodi
1063 2871 1245 2947 φιλικαιιὸι
1262 2859 1354 2936 censu
1368 2861 1397 2936 se
1414 2865 1570 2938 muniisset
1586 2867 1664 2938 Do-
1798 2915 1799 2952 2

396 2959 548 3036 eruamus
565 2961 642 3050 vn,
667 2957 1665 3049 W1Lnunuusuutte1us‚eruuumumulu-

395 3078 458 3133 ms
483 3055 644 3132 Curuae!
667 3055 826 3154 inscripti,
851 3082 885 3127 ac
901 3081 1001 3153 nuper
1018 3059 1052 3130 in
1071 3059 1182 3155 Belgio
1199 3059 1293 3145 editi,
1318 3061 1468 3146 Auster,
1494 3067 1582 3152 cupre
1598 3085 1662 3161 ego

394 3178 465 3228 aete
481 3179 517 3226 ae
532 3151 783 3227 florentiffimum
798 3155 980 3252 ingenium,
1004 3151 1166 3227 subactum
1182 3155 1354 3245 judicium,
1379 3151 1582 3229 felieillunum
1594 3183 1664 3231 me·

394 3247 548 3336 ιιιοιίιιιι,
562 3273 656 3352 atque
671 3251 878 3324 eruditionem
894 3254 991 3326 etatis
1006 3250 1180 3324 mensutam
1195 3249 1371 3350 longissime
1383 3249 1592 3350 superantem,
1602 3271 1674 3330 nee

395 3344 634 3460 noninstgnem
652 3346 809 3463 instudiit
824 3351 986 3422 uenandis
1002 3349 1213 3463 diligentiam,
1224 3353 1271 3422 uti
1288 3345 1409 3448 semper
1422 3373 1492 3422 tum
1507 3373 1601 3448 penes
1608 3377 1662 3427 me

394 3442 1664 3621 ἛἛἛἛἛἈἛἛἛἛἛἛἛἛἛἛἛἛἛἛἛἛἛἛ

394 3564 489 3742 sipia
504 3634 588 3718 seen,
600 3636 686 3726 suit,
718 3594 911 3741 multamque
925 3572 962 3715 in
976 3667 1017 3715 eo
1037 3571 1190 3716 laeteris
1205 3643 1415 3717 adnotitates
1429 3569 1536 3714 iimus
1549 3641 1660 3716 solidae

392 3737 620 3837 mputtmdts
635 3733 874 3836 propensionem
888 3742 1107 3828 aniuudverti,
1123 3765 1190 3814 non
1205 3742 1321 3840 exiguo
1336 3740 1504 3814 medulore
1512 3738 1658 3814 affemrm

391 3831 480 3939 sens,
504 3837 675 3915 Nouate
689 3835 943 3931 durumne,
966 3863 1034 3914 nou
1049 3834 1280 3920 uotetilluin
1297 3837 1517 3939 chronologia
1530 3845 1677 3912 &term

1537 3957 1652 4032 Pomm

1744 149 1750 153 ’
1797 145 1799 196 l
