3624 4736
278 211 677 298 Hrrnruur
725 207 1143 302 connium
1288 247 1365 336 193

107 351 200 424 nis&
212 345 371 450 singularis
384 347 541 440 cniusdam
558 350 661 422 drumi
670 405 680 435 ,
698 353 786 450 quod
801 375 863 424 unu
878 355 972 426 nodie
987 349 1085 450 passus
1098 350 1194 426 suerit
1208 351 1369 452 Affytius,

105 451 303 547 reperiunttrr
319 448 402 544 apud
416 471 518 520 unum
535 449 765 521 Herodotum:
791 475 857 520 non
881 451 1091 538 Diodorum,
1115 477 1181 526 uon
1198 451 1371 524 Manetho-

105 572 195 628 neru,
221 572 290 617 non
306 548 521 642 AEgyptianrm
544 572 647 620 rerum
664 545 825 642 scriptores
840 549 937 620 alios:
963 545 1018 619 ecsr
1041 569 1107 619 non
1124 545 1214 620 onini
1230 571 1369 645 exparte

105 667 181 718 tera
194 646 292 715 etiam
309 641 369 714 srnt
382 640 451 739 ipsae
469 645 527 714 iuae
542 645 702 715 Herodoti
716 647 922 728 narrationes,
949 653 983 716 ἃ
992 641 1083 744 pestis
1093 647 1144 716 illa
1150 648 1371 718 exercitusno-
1436 715 1440 722 .

105 742 215 814 utrm
229 743 397 814 mutaverit
411 742 445 810 in
461 744 599 812 murium
614 738 769 827 subulam
795 740 852 812 nist
867 749 901 814 δι
916 741 977 814 hoc
992 767 1059 814 non
1075 744 1186 814 minus'
1197 767 1267 814 vere
1279 741 1373 818 simul.

106 863 202 935 quam
216 835 310 935 pessis
332 841 382 911 illu
397 840 573 936 contigerit.
624 837 681 910 Ab
705 839 766 910 hoc
789 837 1017 910 Sennacheribo
1034 843 1168 934 graviter
1205 837 1295 910 assam
1312 838 1369 912 eise

108 941 301 1033 AEgyprurn,
318 937 400 1006 inter
407 931 517 1006 sese&
534 961 552 1005 a
566 959 638 1034 rege
651 933 710 1006 suo
725 956 794 1004 turn
810 933 1003 1006 diffidentem
1011 988 1022 1021 ,
1040 935 1120 1006 haud
1159 940 1165 952 ’
1203 938 1262 1006 cile
1270 938 1369 1034 liquet

107 1055 146 1103 ex
162 1031 353 1117 Herodoto,
379 1057 449 1130 qun
465 1035 572 1105 omnia
589 1031 720 1104 mirifice
736 1028 887 1102 illustrant
904 1035 1043 1103 vaticinia
1051 1030 1154 1128 Jesaiae
1169 1055 1233 1128 ccp.
1245 1059 1305 1104 rvr
1316 1057 1331 1116 r
1341 1058 1371 1106 1.

107 1152 181 1200 ux.
191 1136 288 1201 dcxx.
313 1131 498 1202 Narrrrerat
509 1149 614 1202 autern
630 1131 680 1200 illa
697 1126 913 1201 Semncheribi
930 1154 1004 1201 curn
1021 1131 1174 1224 AEgyptiis
1191 1126 1371 1202 bellaetiarn

106 1225 141 1296 in
154 1222 345 1321 Babylonica
359 1222 485 1298 historia
499 1225 648 1312 Berosus,
673 1223 748 1296 reste
761 1221 899 1323 josepho
915 1227 938 1296 l.
949 1229 992 1299 X.
1008 1230 1173 1321 Antiquir.
1189 1247 1259 1327 cap.
1271 1251 1299 1297 1.
1314 1226 1371 1298 ubi

109 1341 212 1394 tamen
226 1319 335 1394 Berofi
350 1323 414 1420 ipsa
427 1321 520 1396 verbu
534 1325 721 1396 exciderunt.
1025 1349 1029 1358 ·

114 1467 121 1476 -
155 1419 260 1510 Quod
283 1444 380 1516 porro
400 1419 508 1494 itidem
525 1417 570 1490 est
587 1420 667 1515 opud
684 1420 906 1506 Herodotum,
924 1427 1122 1520 Proteorege
1142 1418 1284 1492 Paridem
1297 1443 1373 1492 curn

110 1537 195 1612 repta
210 1518 354 1601 Helena,
368 1523 447 1588 ut&
456 1513 527 1614 post
544 1517 726 1590 Menelaum
741 1519 774 1587 in
792 1523 963 1616 AEgyptum
977 1517 1143 1598 advenisse,
1154 1513 1285 1588 mirifice
1293 1541 1374 1590 con-

108 1611 276 1690 firmzntut
290 1617 338 1699 iis,
354 1639 424 1712 quae
432 1615 586 1713 Virgilius
600 1615 713 1684 cecinit
728 1614 766 1690 de
782 1621 880 1686 AEnea
895 1621 930 1686 δι
946 1613 1087 1686 Didone.
1115 1611 1250 1686 Constat
1256 1615 1374 1712 quippe

113 1733 155 1780 ex
170 1711 330 1784 euuesibtu
353 1709 541 1784 Phoenicum
557 1764 567 1796 ‚
592 1735 731 1808 quontm
747 1732 887 1808 excerpta
901 1710 994 1782 nobis
1008 1711 1092 1784 dedit
1100 1706 1268 1808 Josephus,
1284 1713 1375 1782 aDi-

17 1853 18 1856 =
114 1805 202 1878 done
217 1807 442 1906 Conlugincm
459 1807 617 1880 conditam
634 1809 713 1878 circa
727 1833 845 1880 annum
860 1808 977 1879 Mundi
994 1817 1095 1906 3060.
1114 1831 1182 1906 quo
1191 1826 1332 1903 tempore
1341 1808 1376 1880 in

112 1905 193 1976 viris
207 1900 267 1976 esse
283 1903 383 1976 adhuc
399 1907 529 2000 potuisse
545 1911 714 1987 Proterun,
739 1907 867 1976 aiterum
881 1906 970 1976 illum
987 1931 1005 1976 a
1021 1900 1174 1990 Sesostri,
1190 1927 1257 1975 non
1271 1900 1376 1998 potest

112 1997 256 2083 dubimri.
310 2001 405 2074 Certe
427 1999 451 2075 sr
466 2001 553 2100 quod
577 2004 641 2074 veri
656 1999 736 2072 inest
751 2003 797 2070 ilii
813 2003 989 2100 virgiliano
1006 2005 1153 2087 carmini,
1178 2001 1257 2070 circa
1273 1997 1379 2072 dthaec.

113 2095 242 2172 demum
267 2121 408 2196 tempora
428 2099 477 2170 liii
494 2097 648 2170 excidium
663 2098 813 2195 contigit:
839 2097 927 2194 quod
942 2099 1111 2170 Herodoto
1128 2094 1203 2192 ipsi,
1227 2099 1297 2169 viro
1312 2099 1377 2167 uti·

186 2196 417 2294 mugnijudicii,
435 2203 469 2267 δι
486 2199 548 2267 anti
573 2197 705 2266 tritarum
722 2191 781 2264 sure
816 2197 895 2306 entis
912 2191 1114 2290 peritissimo,
1130 2189 1377 2288 itidemplacuis-

112 2217 359 2366 scoemmifestum
376 2290 430 2364 est.
457 2221 631 2365 rdemhne
651 2291 753 2362 visum
769 2219 815 2362 es
831 2292 912 2376 ilus,
930 2292 986 2386 qui
1010 2291 1044 2360 in
1059 2291 1140 2387 regis
1157 2287 1289 2361 Ramifis
1304 2311 1379 2360 eta·

116 2413 181 2462 cern
198 2393 307 2482 Trojae
321 2389 433 2460 dnum
445 2391 625 2476 retuderunt,
642 2386 827 2459 testePsinio
843 2389 991 2458 s.uxxv1.
1006 2409 1033 2454 c.
1045 2385 1076 2455 8.
1102 2381 1158 2456 Est
1174 2387 1259 2456 enirn
1268 2387 1379 2458 Rami-

115 2483 162 2560 ses
178 2487 270 2582 plane
284 2489 335 2558 isle
351 2483 561 2571 erstnitus,
586 2486 645 2583 qui
661 2482 832 2555 Herodoto
850 2481 896 2554 est
909 2479 1059 2554 successor
1075 2483 1191 2554 Protei.
1225 2487 1298 2552 imo
1314 2507 1382 2555 non

117 2585 203 2656 aliud
218 2585 340 2656 videtur
354 2591 387 2658 δι
404 2581 623 2680 Theopompo
637 2579 800 2666 creditum,
813 2580 890 2652 dum
905 2583 1086 2652 Homerum
1093 2581 1194 2650 voluit
1209 2576 1313 2653 vixisse
1329 2580 1381 2650 0-

118 2680 187 2776 lym
209 2681 272 2752 iade
287 2705 392 2754 xxti:
419 2681 568 2753 ducentos
582 2681 669 2751 enirn
683 2678 802 2751 circiter
817 2703 915 2752 armos
930 2677 1027 2776 vulgo
1041 2673 1112 2774 post
1128 2679 1237 2769 Trojrt
1262 2676 1380 2753 cladem

117 2703 310 2864 uishmr
325 2799 419 2876 poete
435 2779 488 2852 ille
504 2777 648 2850 claruisse.

17 2873 19 2896 ³
148 2893 152 2901 '
169 2875 325 2948 Cetemm
340 2900 410 2974 quae
425 2896 496 2948 ante
510 2870 677 2948 Sesostrem
692 2873 1065 2976 contigenrnt‚videntur
1081 2870 1308 2944 Herodoteiisli
1318 2873 1384 2946 AE-

183 2973 304 3045 tiorum
315 2970 659 3070 steerdotesignorasse,
748 3001 787 3044 ue
801 2995 922 3044 orntum
937 2971 1075 3069 tegendae
1093 2965 1216 3040 inscitie
1225 2963 1383 3039 suaedixis-

117 2995 308 3155 {somnes
323 3067 464 3144 Sesostris
478 3065 675 3144 antecessores
683 2999 757 3141 eoris

120 3165 242 3240 misisse.
270 3163 680 3250 Cuicnimfietrctisrmilc,
705 3173 902 3242 trecentos&
912 3167 1038 3262 triginta
1046 3185 1132 3257 reges
1141 3148 1386 3258 ingloriedurns‘·

121 3259 605 3362 sevinmperanuosphuquem
613 3263 722 3340 decem
730 3265 835 3336 mille?
853 3257 1060 3334 Memorabile
1068 3279 1193 3352 tarnen,
1210 3257 1297 3356 quod
1306 3255 1386 3336 phas

121 3364 228 3434 mnis
238 3387 321 3448 vox,
338 3385 495 3438 excomm
504 3361 670 3449 relatione,
687 3361 769 3458 apud
777 3386 877 3432 unum
894 3355 1098 3430 Herodotum
1106 3352 1388 3453 quodammodosit

122 3456 322 3543 conservata,
346 3457 423 3533 dum
444 3458 618 3533 traditurin
691 3483 745 3528 um
760 3453 947 3530 succunone
968 3455 1109 3528 Pitomin
1132 3453 1252 3524 Pirorni
1268 3449 1387 3546 semper

123 3551 308 3644 successdse3
333 3553 490 3638 estaurern
497 3555 660 3630 Piromini
681 3581 731 3626 ern
749 3555 838 3652 quod
853 3553 967 3625 Graece
984 3552 1223 3643 nanomyoehdr.
1249 3549 1299 3618 Ex
1316 3550 1391 3624 Her

123 3653 242 3728 rodoto
256 3649 327 3728 stne
343 3653 464 3726 videtur
479 3651 561 3726 idem
577 3650 703 3726 hausisse
720 3649 862 3750 Syncsrus
877 3655 899 3723 s.
921 3676 950 3722 1.
967 3649 1005 3721 de
1017 3648 1227 3748 providentia.
1316 3663 1318 3669 '
1386 3740 1390 3750 ι

125 3827 133 3852 f
172 3759 271 3843 Qros
289 3747 453 3826 Diodorus
476 3753 597 3824 Siculus
620 3747 776 3822 consuluit
791 3745 972 3835 sacerdotes,
991 3775 1009 3818 a
1022 3769 1099 3822 vero
1111 3745 1181 3841 plur
1198 3763 1292 3841 quarn
1319 3743 1391 3814 He-

124 3847 277 3938 rodem
291 3849 363 3952 illoc
378 3845 481 3952 obiisse
488 3899 502 3942 ,
524 3847 575 3930 ves
589 3871 652 3937 una
666 3847 778 3928 docnt
788 3843 918 4020 dispone
931 3849 1043 3946 regum
1059 3835 1219 3918 ascsostri
1230 3837 1393 4009 ἶντὶδέἷοὲ

1347 3963 1370 4007 o

690 3097 712 3144 n
759 3095 813 3142 um
830 3091 1005 3141 memoratu
1021 3067 1152 3164 dignum
1166 3060 1388 3149 hcinrucour«,
1531 3066 1535 3074 '
