3658 4726
442 254 529 342 440
701 219 878 303 Guoue.
909 214 1040 298 Erre.
1071 212 1414 302 persumme

488 366 549 436 Sed
566 385 643 436 vana
655 360 738 446 het,
765 363 832 432 imo
845 355 982 430 fabulose
995 360 1073 443 elle,
1098 355 1222 428 illustris
1237 358 1390 454 Scaliger,
1412 357 1454 430 ad
1469 355 1500 428 d
1515 357 1572 432 lec.
1584 369 1707 440 Cam.

439 462 622 555 Eusebiaeni,
648 468 682 530 dt
698 462 754 556 qui
771 460 856 530 illius
872 453 1165 554 vestigiasequiturd
1175 452 1708 544 ruupdsocasaubonusssxerc.

417 557 421 566 ’
439 565 469 629 1.
485 580 593 630 contra
609 563 722 626 Boron.
731 581 758 623 c.
775 559 841 623 III.
858 551 1001 624 ostendit.
1050 552 1210 650 Equidem
1216 573 1260 622 *ut
1276 555 1309 622 in
1327 549 1376 626 his
1390 551 1501 626 nlibsu
1513 553 1581 626 fieri
1596 558 1707 630 assolet

440 654 675 740 traditionibus,
701 649 772 723 lalsa
795 654 873 724 veris
897 652 1048 746 permixta
1067 647 1188 720 censeo.
1238 652 1326 720 Nam
1343 652 1547 747 Antipatrum
1561 655 1707 728 Herodis

439 749 595 843 eujusdam
617 751 809 848 Apollinaris
823 747 903 843 apud
916 746 1111 828 Ascalonitas
1123 745 1212 818 fuisse
1228 747 1397 831 edituum,
1423 769 1609 846 raptumque
1624 778 1642 822 a
1657 754 1707 824 la-

439 849 582 922 tronibus
600 848 760 930 1dumaeis,
786 845 905 942 quoda
923 867 1007 938 patre
1021 843 1131 914 redimi
1148 869 1215 915 non
1229 845 1345 939 pollet,
1370 844 1544 918 lduusaeum
1559 843 1706 936 fastum,

438 944 513 1018 falsa
527 943 601 1031 esse,
627 947 724 1016 multa
746 940 816 1012 sunt
832 941 913 1036 apud
933 939 1121 1037 josephum,
1148 965 1217 1038 quae
1231 944 1390 1014 evincunt.
1415 941 1528 1014 Tradit
1543 946 1628 1014 enim
1638 949 1706 1032 ille,

437 1043 578 1114 Herodis
599 1067 691 1112 avum
709 1037 798 1110 fuisse
814 1041 966 1132 Antipam
983 1038 1091 1121 illum,
1117 1063 1212 1136 quem
1228 1038 1405 1110 Alexander
1420 1036 1614 1112 Mate'abmts
1629 1041 1703 1112 bel-

439 1141 473 1210 lo
489 1137 618 1210 subrtlae
635 1137 776 1208 ldumaeae
794 1147 807 1214 (
810 1135 920 1230 procul
937 1133 1035 1204 dubio
1052 1141 1084 1204 δι
1100 1137 1236 1232 generali
1250 1135 1300 1206 illu
1318 1133 1560 1222 consuemdine,
1584 1137 1624 1208 de
1637 1164 1705 1235 qua

440 1243 517 1336 Cap.
529 1235 651 1336 preced.
668 1237 764 1304 multa
777 1232 927 1316 diximus,
955 1230 1042 1326 quod
1056 1227 1171 1302 scilicet
1185 1233 1322 1327 Antipas
1336 1234 1388 1304 ille
1404 1233 1524 1304 vibium
1541 1233 1704 1306 ldumaeo-

438 1359 510 1412 rum
526 1336 702 1427 Principem
719 1328 867 1423 sanguine
882 1330 1093 1424 contingeret)
1108 1327 1315 1425 Toparchem
1329 1325 1502 1402 constituit.

489 1431 587 1500 Unde
602 1427 682 1498 baud
698 1425 792 1498 dubie
808 1423 984 1515 colligitur,
1009 1425 1148 1496 Herodis
1164 1431 1312 1515 majores,
1328 1428 1412 1496 viros
1422 1421 1702 1502 suilleclarislimor

439 1533 474 1600 ἃ
491 1522 614 1596 summo
631 1526 706 1594 loto
717 1545 814 1594 natos.
865 1521 985 1592 Ortum
1000 1545 1074 1592 vero
1090 1523 1158 1594 illos
1173 1547 1211 1592 ex
1225 1518 1464 1594 Ascaloneurbe
1475 1521 1704 1597 Philillaeonun

437 1624 611 1710 maritima,
638 1645 707 1718 quae
724 1619 845 1715 populo
858 1618 1008 1714 judaico,
1035 1643 1070 1690 ut
1089 1645 1125 1689 ex
1141 1622 1238 1690 Sacris
1251 1617 1344 1688 stimi
1358 1621 1542 1716 seripturis,
1576 1627 1610 1690 dt
1635 1625 1646 1692 i
1670 1619 1703 1694 se

385 1771 394 1782 .
439 1716 592 1815 Josepbus
612 1727 750 1815 quoque}
763 1713 817 1786 lib.
836 1720 902 1785 Ill.
926 1719 993 1788 Ἀιι.
1021 1741 1086 1812 cap.
1095 1721 1123 1788 1.
1151 1715 1291 1801 stellatur,
1317 1712 1434 1812 semper
1450 1711 1559 1790 infesta
1567 1769 1579 1802 ,
1595 1647 1704 1790 insepu-

432 1815 486 1886 'sta
506 1841 637 1914 quoque
654 1817 789 1910 peperit,
815 1808 946 1896 duxisse,
971 1809 1220 1884 Ascalonitarum
1245 1813 1459 1910 agnominatio
1484 1812 1614 1888 inlisu:
1640 1841 1704 1888 net

440 1935 517 1984 vero
531 1912 673 1984 dillimile
688 1909 751 1994 est,
784 1911 855 1980 illos
883 1909 1050 2005 aliquando
1066 1912 1099 1980 in
1126 1907 1180 1982 ista
1205 1909 1281 1980 urbe
1299 1907 1502 1988 sacerdotium
1523 1907 1703 1986 obtinuilst.

441 2009 540 2078 Unde
556 2034 606 2080 me
622 2011 805 2099 eonjeslurae
819 2031 912 2092 meae,
938 2030 1001 2102 qua
1015 2010 1076 2097 jam
1092 2007 1171 2078 olim
1187 2008 1219 2077 in
1233 2003 1373 2076 Eusebio
1389 2011 1456 2076 α’ντὶ
1470 2016 1508 2076 τῦ
1516 2015 1700 2104 divinarem

443 2109 562 2197 ‘neuls
578 2105 652 2180 τιιδς
670 2103 804 2195 ltpodr'lsu
823 2109 940 2190 παῖδα,
966 2103 1132 2200 legendum
1140 2103 1197 2174 esse
1213 2103 1461 2194 conjeslurtbeln
1477 2131 1486 2176 r
1519 2110 1703 2193 Arrinarpar

440 2201 553 2290 ‘Hpcidu
570 2202 644 2276 nile
661 2201 797 2288 :nosses
815 2207 934 2283 tuido,
959 2200 1254 2295 nondumfpoenittt.
1304 2204 1382 2272 Sene
1398 2201 1460 2296 lpse
1467 2200 1619 2274 Eusebius
1626 2205 1704 2276 Her·

440 2288 549 2374 rodem
564 2299 648 2380 bunc
666 2299 730 2372 hot
748 2297 816 2398 ipso
833 2300 906 2369 loco
924 2303 1004 2388 ἱερέα
1020 2318 1129 2383 vocat,
1155 2318 1192 2368 ut
1208 2295 1340 2372 dubium
1355 2324 1421 2370 non
1438 2297 1494 2382 lit,
1519 2299 1594 2372 odio
1623 2303 1700 2373 He-

436 2397 522 2564 ‘fidis
546 2425 650 2472 veram
665 2393 864 2496 scriptionem
889 2393 927 2468 ab
952 2391 1169 2492 antiquissimis
1194 2398 1289 2473 etiam
1297 2393 1491 2494 temporibus
1500 2397 1699 2472 immutatam

480 2519 490 2563 1
514 2519 540 2564 e.

491 2592 609 2662 Cetero
633 2592 689 2662 uin
711 2615 776 2662 non
793 2578 925 2688 ignorm
950 2597 984 2660 δι
1002 2586 1148 2664 illustrem
1166 2591 1374 2688 Scaligerum,
1406 2597 1439 2664 dt
1466 2590 1700 2688 incomparabi-

440 2687 502 2757 lem
519 2617 741 2772 Casaubonum
758 2685 913 2772 Eusebio,
939 2691 1108 2786 ceterisque
1124 2683 1232 2760 sanetis
1251 2686 1392 2792 Patribus
1399 2688 1484 2760 valde
1493 2685 1597 2777 irasci,
1610 2689 1701 2788 quod
1824 2779 1826 2794 ἶ

440 2785 603 2858 Herodem
624 2793 658 2856 dt
674 2782 861 2950 proseptum
877 2793 911 2856 dt
925 2783 1148 2884 aligenigenam
1162 2784 1472 2884 palsunappellitent,
1497 2807 1703 2859 veruntamen
1824 2807 1826 2890 f

440 2906 499 2952 nec
516 2879 577 2952 hoc
602 2886 735 2979 ignoro,
774 2903 900 2954 ummos
913 2883 984 2954 illos
1000 2883 1099 2954 Viros
1108 2883 1219 2970 injuria
1230 2886 1359 2978 optimis
1382 2879 1467 2954 irasci
1476 2881 1700 2971 Dostoribus,

440 3003 536 3075 quam
551 2979 801 3076 disceptationem
819 2980 1029 3058 commodiori
1043 2980 1103 3050 diei
1120 2985 1152 3050 δι
1173 2979 1263 3065 loto,
1287 2977 1451 3054 seersumtu.
1475 2977 1599 3054 Sufficit
1614 3007 1702 3054 ntlnc

440 3075 599 3163 indicasse,
624 3077 655 3148 id
678 3077 766 3174 quod
786 3101 843 3147 nec
866 3063 1017 3174 Scaliger,
1043 3101 1101 3146 nec
1124 3072 1327 3150 Casaubonus
1355 3076 1559 3165 inficiantur,
1590 3083 1703 3152 Hero-
1823 3073 1825 3136 l

438 3174 511 3244 dem
525 3196 608 3268 patre
621 3174 778 3257 Idumam,
804 3195 900 3246 maus
916 3199 990 3248 vero
1007 3193 1115 3244 natum
1133 3171 1280 3244 Arabilb.
1302 3183 1304 3188 “
1333 3175 1423 3244 Cum
1439 3177 1525 3246 enim
1545 3181 1610 3266 jura
1628 3173 1700 3248 san-

433 3270 541 3365 guinis
556 3297 573 3339 a
588 3293 695 3342 natura
709 3269 914 3366 dependeant,
940 3277 975 3340 dt
988 3293 1150 3368 propterea
1164 3269 1371 3344 immutabilia
1390 3269 1449 3342 sust
1461 3321 1475 3357 ,p
1508 3270 1698 3367 impollibile

438 3370 573 3438 omnino
589 3366 649 3452 esi,
676 3393 714 3436 ex
735 3366 825 3458 Esavi
848 3371 998 3466 progenie
1014 3363 1249 3450 descendentem
1266 3369 1455 3454 ldurnaeum,
1481 3363 1572 3441 fimus
1587 3364 1645 3438 else
1658 3372 1698 3442 de

437 3463 605 3556 interpedes
630 3463 760 3559 jacobi,
787 3465 835 3534 vel
857 3465 961 3560 Judae,
979 3467 999 3535 i.
1018 3489 1046 3536 e.
1063 3462 1174 3557 φύσει,
1200 3487 1236 3534 ut
1249 3465 1294 3534 D.
1313 3466 1427 3538 Paulus
1441 3463 1701 3565 adrhrttpdtn.

443 3563 667 3656 15.loquitur,
693 3561 848 3658 Judaeum.
1682 3619 1710 3643 .,

486 3657 582 3730 Mill'o
597 3661 692 3754 igitur
709 3659 858 3743 Herode,
884 3661 1065 3730 Anmelum
1083 3663 1116 3732 in
1133 3683 1230 3758 partes
1247 3659 1437 3736 vocabimus.
1465 3659 1702 3755 DeillosicJo-

438 3753 468 3825 se
490 3753 549 3824 hus
566 3753 618 3828 lib.
627 3760 698 3840 XV.
707 3778 775 3851 cap.
785 3759 832 3825 II.
859 3759 948 3852 Quin
964 3773 1012 3828 (ν’
1025 3761 1102 3828 aliis
1116 3755 1233 3828 artibus
1240 3757 1446 3852 procurabat,
1470 3759 1624 3856 quidquid
1661 3785 1701 3832 u-

437 3780 523 3923 tasas
534 3851 594 3948 fibi
607 3851 651 3923 ad
666 3851 894 3924 conciliandum
905 3859 1114 3954 principatum
1126 3853 1331 3946 remphis,
1340 3859 1528 3968 urdtranrm
1535 3783 1703 3956 demersicae

1651 3955 1707 4048 ft..
