3658 4726
394 245 487 332 μοι.
645 213 819 300 Gnoso.
849 213 981 299 Eric.
1011 152 1355 298 Punisrsmius

389 351 529 428 transsata
544 348 633 426 fuisse
652 344 946 427 demonstravimus:
972 378 1057 424 nunc
1070 353 1108 425 de
1122 349 1326 436 obedientia,
1352 357 1384 421 &
1403 346 1481 433 fide,
1507 346 1660 442 qmmei-

390 451 462 522 deni
488 477 599 618 opnpes
616 451 703 523 orbis
724 474 872 522 terrerum
893 453 1029 549 populos
1047 448 1239 521 exhibituros
1263 450 1346 520 canit
1367 448 1508 520 Divinus
1531 442 1637 514 noster
1647 447 1662 529 ,'

416 573 489 618 auca
518 575 539 616 u
563 550 665 619 nesio.
1399 567 1400 572 ’
1661 551 1665 565 ’
1705 615 1711 622 .

392 573 414 644 P
444 641 623 740 Conspicua
644 667 746 716 autem
769 639 912 716 illisam
928 642 1217 742 est,cumJESUS
1236 642 1473 714 CHRISTUS
1494 639 1661 710 Dominus

394 739 500 812 n'ostcr
515 738 585 836 post
605 741 778 839 gloriosum
796 739 1024 813 resurrectionis
1043 739 1238 838 triumphurn
1255 737 1345 836 super
1357 763 1468 811 omnes
1482 737 1580 808 coelos
1595 735 1660 806 cle·

392 860 499 921 vetus,
525 846 556 910 dc
575 839 611 908 ad
626 839 780 910 dexteram
798 840 893 909 Patris
910 841 1100 922 collocatus,
1127 841 1245 934 Spiritu
1260 837 1373 908 Saudo
1386 838 1420 907 in
1436 831 1665 930 Apostolicam'

393 933 492 1005 cffiiso
506 957 651 1032 gentem,
676 936 926 1030 predicationem
945 937 1110 1033 Emngelii
1125 931 1187 1020 sui,
1214 933 1345 1032 fulguris
1362 931 1471 1017 instar,
1497 932 1530 1000 in
1547 955 1663 1000 omncs

394 1034 492 1102 totius
507 1030 618 1100 mundi
632 1055 731 1128 partes
746 1029 864 1102 effudit.
898 1035 1054 1124 Quantilli
1067 1035 1152 1103 enim
1168 1033 1319 1126 temporis
1334 1028 1452 1128 spatio,
1480 1049 1595 1125 quinta
1610 1049 1663 1096 re-

394 1153 477 1224 gna,
504 1149 626 1224 quantae
640 1151 768 1223 gentes,
795 1131 904 1198 inermi
920 1130 1144 1223 praedicationis
1158 1126 1346 1213 ministerio,
1372 1129 1406 1197 in
1422 1125 1497 1197 fidei
1509 1120 1664 1193 Christia-

321 1211 335 1240 ”
396 1249 445 1294 nae
469 1222 679 1296 obedientiam
696 1225 852 1320 pertrasiae
870 1223 963 1295 sunt?
989 1227 1095 1296 Unica
1109 1229 1264 1297 concione
1281 1227 1327 1293 D.
1341 1231 1450 1296 Petrus
1468 1243 1549 1322 quot
1565 1221 1665 1291 inilli4

398 1319 459 1392 bus
480 1319 690 1392 conversionis
703 1319 909 1416 prodromum
925 1321 1054 1394 immifit
1067 1326 1236 1394 timorem?
1262 1343 1344 1420 quot
1359 1317 1495 1392 millibus
1510 1319 1546 1390 ad
1556 1322 1665 1388 Sacra·

399 1441 503 1488 menta
515 1419 608 1489 Novi
616 1419 753 1490 Foederis
762 1417 1015 1492 concursantibus
1026 1419 1243 1492 Chatudicrem
1253 1421 1390 1490 Domini
1398 1413 1589 1513 bipu'smatis
1597 1439 1665 1484 uti*

398 1515 438 1588 du
455 1511 631 1610 inscripsit?
647 1515 801 1586 Divinus
818 1513 893 1587 virro
916 1516 966 1587 ille
984 1519 1096 1590 Paulus
1111 1543 1207 1617 quam
1224 1517 1328 1612 paucis
1344 1518 1431 1586 mnis
1450 1537 1547 1584 totam
1564 1509 1667 1606 ferme

399 1607 508 1682 Asiam
534 1607 665 1682 Christo
678 1608 836 1702 subjecit?
871 1615 966 1684 Certe
982 1639 1049 1684 riori
1065 1636 1172 1710 praeter
1187 1639 1252 1685 rem
1261 1665 1272 1698 ,
1298 1615 1440 1710 quamvis
1456 1609 1666 1682 calumniandi

300 1737 303 1744 ·
399 1709 525 1794 animo,
551 1710 685 1780 clamant
698 1709 798 1808 Judaei
815 1707 1024 1783 Thessalonici
1038 1717 1075 1782 &
1090 1709 1259 1808 Ephrsmi,
1285 1709 1369 1780 bunc
1383 1712 1533 1794 Paulum,
1560 1714 1592 1778 8ο
1612 1703 1667 1777 s0-'

399 1806 467 1875 cios
481 1806 581 1890 illius,
605 1805 665 1875 else
673 1856 684 1890 ,
710 1809 767 1905 qui
779 1827 884 1881 totum
898 1805 1010 1879 orbem
1025 1803 1455 1903 terrarumpraedicationesua
1468 1806 1666 1891 concutiant,

399 1901 513 1973 Assar.
528 1923 596 1998 cap.
606 1905 716 1973 XVII.
732 1927 760 1971 n.
771 1911 925 2005 6.&cap.
935 1909 1028 1980 XIX.
1045 1929 1077 1975 ον.
1086 1913 1140 1980 26.
1193 1904 1271 1976 Nec
1289 1902 1365 1975 Asia
1379 1926 1563 1988 contentus,
1588 1903 1668 1972 Do-

401 1999 471 2070 sior
486 2007 518 2072 dr
536 1999 663 2069 Diisior
669 2001 720 2070 ilie
727 1999 885 2074 Gentium
894 2056 905 2090 ,
929 2003 1091 2100 Europam
1108 2028 1239 2101 quoque
1252 1998 1378 2085 invasit,
1403 2023 1497 2100 atque
1513 2000 1590 2070 adeo
1598 2023 1668 2070 non

402 2115 523 2166 tantuin
540 2097 573 2164 in
588 2091 807 2187 Themisonis,
831 2095 882 2171 sed
897 2101 991 2170 etiam
1006 2098 1069 2197 ipsi
1087 2101 1284 2172 idolomaniae
1291 2119 1402 2168 aetcma
1415 2097 1584 2192 metropoli
1592 2097 1669 2166 Ro·

402 2217 471 2277 ma,
498 2211 618 2262 tantum
641 2191 823 2266 Christianis
839 2195 915 2268 fidei
930 2199 1075 2268 excitavit
1097 2198 1297 2278 incmdium,
1323 2217 1359 2266 ut
1375 2192 1595 2291 spiritualibus¹
1606 2194 1669 2263 illis

403 2283 537 2360 flammis
553 2309 638 2359 totus
653 2293 789 2362 mundus
800 2293 992 2388 collustratus
1010 2294 1120 2388 fuerit,
1146 2294 1184 2367 de
1201 2319 1269 2391 quo
1284 2289 1486 2363 invidissimo
1494 2291 1670 2387 Euangeli-

402 2408 447 2458 cae
464 2383 689 2482 predicationis
702 2391 878 2484 progressu,
905 2387 968 2486 ipse
982 2393 1059 2462 Deo
1074 2394 1186 2490 gratias
1200 2395 1264 2489 agit
1281 2392 1315 2462 in
1331 2387 1434 2464 divina
1449 2389 1545 2461 illaad
1555 2392 1671 2459 Roma-

403 2506 477 2566 νοοο,
501 2505 568 2580 cap.
581 2487 607 2553 Ι.
619 2507 649 2554 n.
662 2487 693 2555 8.
710 2491 743 2556 &
758 2484 796 2556 ad
810 2487 943 2585 Thessal.
960 2511 1028 2591 cap.
1039 2491 1066 2558 1.
1085 2513 1116 2559 νν.
1128 2491 1160 2561 8.

453 2580 506 2651 Et'
516 2604 556 2650 ne
571 2580 604 2650 in
620 2584 744 2676 propria
760 2579 846 2654 causi
870 2583 1083 2656 testimonium
1099 2583 1200 2682 ipsum
1209 2585 1266 2659 sibi
1280 2587 1381 2660 dicere
1397 2588 1548 2660 calumnia
1563 2583 1669 2657 cause·

405 2697 473 2757 tui,
497 2675 656 2748 audiamus
678 2678 770 2748 etiarn
789 2677 947 2776 Justinum
971 2682 1163 2780 Martyrum,
1187 2689 1276 2766 sin,
1302 2677 1409 2781 inquit
1431 2686 1483 2758 ille
1499 2687 1532 2755 in
1550 2681 1666 2783 Tryph.

266 2816 272 2827 =
403 2771 483 2845 dian
499 2780 539 2845 isi
557 2769 592 2842 cd
613 2777 713 2864 yn&
729 2775 919 2872 ον’νθςοῖπων,
945 2777 1004 2850 irre
1022 2781 1208 2874 βοορζοίςονν,
1236 2783 1295 2855 irre
1320 2781 1450 2870 ὲὶλνξνων,
1476 2777 1669 2853 {trienniis

405 2868 663 2964 φ’τονοένόνὸμοντο
680 2884 986 2969 προσαγορευομένων,
1012 2877 1254 2971 νῖἈμοιξοένόον,
1279 2881 1298 2958 οἵ
1313 2885 1418 2948 οίοίκιον
1435 2882 1628 2972 conspicui,
1649 2878 1667 2956 ti

407 2977 442 3040 de
457 2975 574 3045 οκοονοῖνο
585 2969 788 3060 κτονοτροφονν
805 2972 958 3063 trudunt,
985 2980 1017 3044 ἐν
1033 2972 1081 3049 οἷον
1096 2975 1140 3068 μὴ
1153 2975 1207 3048 did
1220 2987 1260 3050 rs*
1273 2977 1436 3070 dispar&
1449 2987 1485 3047 rii
1495 2979 1670 3072 ςοινςονθὲν-

407 3079 475 3150 τῦ·
489 3074 569 3144 'luds‘
584 3073 695 3158 ἒνχνον,
721 3065 770 3161 imi
789 3079 958 3166 ὶνχοορνςίοοο
974 3079 1016 3164 τῷ
1032 3081 1143 3161 noire),
1170 3073 1218 3166 Ui
1229 3083 1335 3172 ποιητῇ
1350 3083 1408 3145 τῶν
1424 3073 1504 3160 ὅλον
1516 3083 1668 3165 ystorias.

406 3168 428 3242 i.
445 3189 472 3234 e.
483 3166 615 3236 Nudum
630 3165 670 3260 est
679 3191 777 3263 genus
790 3168 947 3242 hominum
960 3172 1029 3264 five
1042 3169 1258 3260 barbarorum,
1284 3175 1350 3261 (Sic
1367 3173 1476 3245 Graeci
1492 3175 1548 3244 reli
1571 3195 1672 3242 uiso-

408 3285 497 3330 mnes
513 3260 788 3358 vocabantgentes.
816 3267 1136 3367 vidsraligcnimad
1147 3271 1221 3364 Fcfl.
1231 3279 1265 3343 &
1278 3199 1673 3343 Taubmannumadscen.

415 3379 445 3426 1.
459 3353 537 3426 Ad.
548 3360 594 3428 11.
612 3359 768 3434 Menoech.
782 3367 886 3436 Plani.
902 3373 936 3436 δι
953 3363 1119 3438 notiffime
1134 3365 1334 3441 Gerhirdum
1347 3369 1383 3441 ad
1394 3393 1424 3438 n.
1438 3393 1490 3463 14
1506 3389 1573 3467 cap.
1583 3369 1673 3440 LE,-

406 3451 509 3550 pistor
524 3451 568 3562 ad
593 3457 723 3559 Romen.
748 3459 836 3555 quod
854 3459 1040 3558 postumum
1054 3488 1135 3560 opus
1152 3468 1258 3564 magni
1280 3467 1362 3538 illius
1379 3467 1438 3537 viri
1461 3465 1586 3562 optimo
1601 3460 1674 3534 filio

410 3551 458 3620 D.
473 3547 586 3646 Johan.
611 3549 744 3625 Emesto
759 3555 861 3627 Geth.
886 3555 1003 3631 Christi
1025 3558 1118 3632 debet
1141 3561 1287 3651 Ecclesia)
1302 3565 1372 3660 five
1390 3569 1578 3654 Graecoricm,
1603 3562 1675 3657 five

406 3647 590 3745 fimpliciter
604 3657 726 3718 nomine
749 3662 860 3747 quovis
879 3661 1122 3754 nominatorum,
1146 3662 1211 3746 five
1233 3657 1520 3747 Hamaxobiorum,
1538 3662 1607 3753 five
1622 3683 1676 3729 eo-

413 3757 484 3812 rum
497 3749 552 3839 qui
574 3743 679 3814 domos
703 3771 764 3816 non
786 3747 912 3836 habim,
930 3755 999 3848 five
1009 3753 1233 3847 scandolariam
1241 3757 1414 3860 pastorum,
1441 3764 1475 3828 οόν
1488 3756 1596 3856 quibus
1612 3779 1676 3826 οννον

407 3840 1053 4045 {firmissimisW*
1078 3861 1317 3951 mm
1332 3855 1465 3935 ‘mm'
1484 3859 1675 4028 ''m’f

394 3985 397 3992 ·
814 3973 825 4019 i
921 3996 931 4020 ο
1636 3975 1674 4023 5¹⁴
