3636 4732
449 251 534 362 57ss
720 223 1446 346 PRRAEFATIO.

450 403 651 484 repurgatus,
676 407 715 454 ne
731 381 865 452 nimium
884 372 1062 449 confluente
1076 372 1172 446 veluti
1187 367 1304 442 sentina
1318 367 1475 443 sordescat.
1510 369 1611 468 Qrod
1628 371 1712 445 docet

448 489 541 556 etiarn
559 484 657 576 [βίαι
673 501 737 550 Lvr
749 503 776 550 1.
789 499 843 546 20.
869 480 981 569 Atque
998 471 1060 542 lroc
1077 465 1144 564 ipso
1152 493 1196 565 qu
1226 467 1444 562 'ucbcneficio
1452 464 1606 540 faciliores
1614 467 1714 542 honri·

448 608 526 654 num
552 575 729 678 longislime
743 571 917 645 diffitorum
935 594 989 666 per
1006 494 1302 664 navigationelqficri
1322 562 1446 660 possunt
1463 562 1661 663 congressus,
1682 574 1714 639 δι

447 679 607 778 religionis
622 673 812 769 aliarumque
827 667 982 739 bonarum
992 663 1220 759 disciplinarum
1230 665 1447 761 mortiumque
1456 664 1714 735 communicatio·

448 801 522 862 nes,
548 773 675 870 quando
692 775 776 859 juxta
792 765 906 862 Virgil.
931 787 991 832 non
1006 768 1104 830 omnis
1113 759 1200 854 ferat
1216 765 1322 830 omnia
1337 763 1438 832 tellus.

497 871 652 960 Quamvis
671 891 774 938 autern
792 887 899 934 motus
915 859 966 930 isle
981 860 1098 932 avariis
1118 860 1218 928 rarius
1234 855 1383 937 tradatur,
1408 857 1498 928 srcuti
1513 863 1548 928 δι
1561 855 1714 930 avariisfic

334 978 340 986 '
448 965 567 1048 causis,
592 965 707 1060 duplex
725 984 828 1032 tamen
845 954 1039 1055 potissrmum
1054 982 1071 1026 a
1089 957 1170 1028 resse
1182 951 1382 1024 sentientibus
1391 951 1610 1027 constituitur:
1636 979 1714 1053 quo·

450 1089 521 1136 rum
557 1065 623 1135 rior
637 1058 680 1130 esl
690 1063 873 1154 spontaneus
889 1059 1084 1150 aquaetronr's,
1108 1075 1182 1122 cum
1197 1075 1280 1122 mare
1292 1049 1337 1120 ob
1352 1052 1520 1148 ingenitam
1536 1057 1712 1149 gravitatem

450 1088 595 1231 deorsrim
621 1156 658 1229 ad
683 1152 883 1224 humiliorem
905 1175 991 1248 aquae
1006 1150 1120 1226 ‘locum
1141 1171 1226 1222 terrae
1240 1151 1429 1246 contiguum
1441 1145 1596 1234 defertur;
1626 1175 1714 1247 quem

448 1278 573 1328 motum
589 1276 693 1352 raptus
708 1271 892 1347 perpetuum
900 1271 983 1318 mare
993 1267 1194 1318 communem
1204 1243 1377 1316 habetcurn
1386 1244 1711 1346 omnibusnsiisaquis

450 1351 558 1452 estque
580 1351 620 1424 ab
643 1347 715 1421 ortu
733 1350 765 1417 in
783 1342 925 1417 occasum
942 1342 978 1414 ad
996 1346 1201 1417 imitationem
1216 1349 1250 1413 &
1268 1339 1484 1436 impulsionem
1501 1365 1612 1416 motus
1627 1345 1715 1442 primi

449 1474 618 1544 corporum
637 1439 834 1519 coelestium.'
857 1442 949 1514 Alter
959 1445 1132 1537 periodicas
1146 1439 1244 1532 astus,
1270 1437 1331 1510 sive
1346 1465 1454 1514 motus
1464 1443 1715 1538 reciprocationis

449 1547 527 1617 inari
552 1549 695 1645 proprius
719 1549 751 1612 &
769 1539 929 1638 peculiaris
941 1537 1003 1625 est,
1028 1535 1270 1705 cumquelp‘lanc
1284 1537 1491 1608 accidentaria
1506 1560 1591 1611 motu
1604 1547 1642 1612 ἃ
1656 1542 1716 1654 agi·

449 1646 567 1714 tatione
584 1641 767 1730 siusluum(
792 1664 865 1710 uern
879 1639 1006 1710 tertium
1021 1634 1148 1734 quidem
1213 1633 1295 1723 lunt)
1305 1631 1381 1732 saepc
1389 1632 1603 1710 confunditur.
1632 1643 1718 1710 Pno-

449 1764 528 1810 rem·
542 1739 654 1812 volunt
670 1735 737 1808 ficri
751 1665 883 1806 sionna
897 1734 1014 1819 astina,
1039 1727 1237 1804 secunduma
1250 1733 1497 1830 naturaptsliva,
1522 1735 1623 1832 qualis
1637 1731 1718 1808 fitin

448 1831 534 1907 serto
558 1837 596 1908 ad
620 1834 795 1932 magnetem
819 1829 863 1900 ob
888 1853 1052 1929 cognatam
1077 1853 1233 1914 naturam,
1260 1829 1351 1902 talem
1367 1839 1454 1922 ajunt
1469 1840 1503 1904 &
1516 1834 1550 1904 in
1564 1857 1647 1930 aqua
1661 1830 1717 1906 elle
1790 1903 1792 1906 .

451 1931 489 2003 ad
507 1957 632 2004 motum
645 1937 763 2014 Lunae3
788 1925 845 1998 nisi
863 1929 950 2026 quod
966 1929 1016 1998 alii
1033 1935 1065 1998 δι
1081 1923 1130 1998 bic
1148 1928 1305 1996 internum
1316 1930 1506 2027 principium
1519 1931 1694 2018 maluerint.

503 2031 603 2127 Qud
628 2026 728 2125 ipsum
755 2051 817 2124 ego
839 2050 962 2095 mecum
976 2027 1054 2096 olim
1070 2021 1278 2119 perpendens,
1303 2023 1494 2124 Hambrugo
1510 2029 1544 2098 in
1561 2029 1719 2100 Batavum

451 2117 572 2213 iturus,
598 2113 674 2208 crim
687 2123 748 2196 illic
766 2125 799 2193 in
813 2121 910 2208 Albi,
936 2119 1037 2202 uersus
1053 2119 1163 2196 urbem
1178 2145 1232 2215 per
1248 2115 1354 2194 aestum
1371 2127 1465 2196 maris
1479 2122 1625 2196 nondum
1642 2126 1722 2198 mss
1790 2121 1792 2148 ⁵

452 2226 617 2320 cognitum
642 2221 790 2294 refluente
814 2221 1025 2318 periclitarer,
1045 2223 1092 2296 ,δι
1110 2219 1167 2285 r'io
1181 2217 1266 2288 nessa
1279 2222 1345 2289 mia
1353 2226 1560 2316 gravantem
1572 2246 1635 2290 non
1645 2222 1722 2315 fofft
1782 2286 1787 2295 .

443 2325 538 2418 ⁵quast
559 2321 801 2391 contr'nunrttente⁸
815 2319 896 2413 [sato
917 2345 937 2386 a
939 2318 1023 2412 scole
1048 2313 1104 2394 dal
1113 2315 1231 2410 famofit
1240 2315 1317 2385 Sala
1331 2317 1551 2413 nostrofiame,
1576 2325 1623 2388 mi
1632 2321 1722 2412 farei
1781 2360 1793 2399 t,

382 2451 383 2455 ¹
443 2419 544 2511 fenea
565 2417 658 2490 alceir
680 2413 788 2486 duilio
810 2417 961 2511 affugato,
989 2436 1026 2485 ut
1043 2437 1121 2486 cum
1145 2409 1328 2483 Raimundo
1354 2417 1388 2486 in
1404 2413 1494 2486 simili
1510 2411 1580 2486 casu
1594 2417 1722 2514 loquar.
1779 2407 1793 2483 ='

450 2513 592 2607 Qsando
611 2542 685 2589 vero
705 2510 811 2610 postea
833 2511 895 2582 huc
912 2507 1108 2608 appulissem,
1134 2509 1170 2581 ad
1179 2507 1376 2586 ,Chattorum
1390 2513 1494 2586 vicum
1503 2514 1725 2586 marsallumm

448 2611 611 2707 Lugduno
628 2636 681 2683 me
697 2611 837 2700 contuli,
862 2630 899 2678 ut
915 2611 1044 2705 propius
1055 2607 1177 2678 Oceani
1193 2608 1470 2702 reciprocationem
1484 2614 1725 2686 connreri&ar·

451 2703 556 2777 bi'trasi
569 2709 694 2796 liceret,
721 2730 858 2804 cumque
871 2706 954 2775 Sirio
970 2715 1000 2775 sse
1015 2705 1125 2774 itinere
1140 2704 1266 2778 calidior
1282 2730 1333 2776 me
1350 2704 1726 2802 ipsomarijamrccodeu-

451 2803 478 2871 ti
504 2805 545 2874 in
560 2805 666 2876 littore
688 2801 869 2899 refrigerare
886 2807 920 2872 &
937 2801 1070 2874 natando
1085 2825 1223 2874 exercerc
1239 2825 1417 2897 cuperem,
1430 2809 1521 2876 omui
1533 2829 1640 2879 vacare
1656 2829 1726 2876 cto·

452 2897 528 2972 dens
545 2903 700 2999 periculo,
726 2927 796 2974 eece
809 2900 922 2972 fluetus
962 2899 1065 2971 uidam
1081 2897 1270 2970 decumanus
1285 2924 1323 2972 cx
1336 2901 1507 2998 improviso
1521 2899 1657 2990 allabens
1674 2925 1724 2972 me

452 2999 590 3092 primum
616 3004 715 3098 coepit
736 3000 891 3082 attollere,
917 2997 950 3068 su
974 3000 1020 3068 ito
1040 2993 1147 3094 postea
1161 3023 1272 3096 magna
1288 3001 1319 3070 vi
1337 3025 1420 3094 mare
1434 2997 1536 3070 versus
1551 2999 1723 3084 retnhere,

450 3115 489 3164 ut
502 3095 558 3167 nist
582 3119 644 3169 tam
663 3099 800 3170 celeriter
812 3093 988 3178 subsidens,
1016 3097 1049 3164 in
1061 3091 1200 3167 sabulcto
1221 3117 1274 3166 me
1281 3147 1292 3182 ,
1318 3094 1422 3170 divina
1438 3095 1589 3170 assistente
1603 3097 1723 3192 gratia,

452 3189 587 3278 stitisset,
614 3197 705 3267 citius
732 3196 766 3266 in
788 3194 978 3270 Britanniam
991 3189 1054 3264 fine
1068 3213 1131 3262 rate
1145 3194 1341 3286 navigaturus
1356 3190 1495 3283 fuissem,
1519 3218 1616 3292 quam
1631 3194 1726 3290 cogi-

450 3285 565 3360 tassem.
594 3291 689 3364 Certe
704 3291 798 3365 subiit
812 3291 888 3363 illud
908 3291 1089 3386 Crinagotae
1105 3295 1139 3359 r'n
1156 3291 1332 3386 Analogia

600 3387 652 3460 Τίς
666 3395 692 3458 κ’
708 3397 744 3460 r’vl
763 3387 804 3468 rit
822 3387 975 3478 &opticen
994 3390 1091 3478 πεζοῖς
1110 3383 1160 3466 tit
1179 3387 1353 3475 &ostensor
1369 3387 1450 3460 dact.

499 3487 612 3582 Atque
635 3484 846 3576 hujuscemodi
871 3482 1083 3557 suffocationis
1097 3481 1264 3558 discrimini
1279 3479 1580 3584 geminoexpositus
1594 3488 1630 3558 in
1644 3505 1728 3558 terra

452 3601 584 3679 quoque
606 3579 737 3655 secunda
754 3587 822 3656 vice
837 3583 994 3654 nonnullis
1010 3581 1152 3668 videbar,
1179 3606 1252 3656 ctun
1267 3609 1371 3682 nuper
1380 3583 1420 3657 ad
1435 3587 1510 3680 reip.
1525 3584 1651 3657 clavum
1665 3586 1729 3656 ite-

451 3701 523 3749 rum
538 3673 689 3768 sederem,
715 3678 899 3780 quibusdam
918 3677 1049 3753 eandem
1062 3682 1185 3764 navim,
1209 3680 1243 3752 in
1262 3706 1325 3780 qua
1341 3683 1450 3780 utique
1464 3687 1497 3752 δι
1512 3679 1570 3777 ipss
1585 3686 1730 3782 remiga-

446 3770 542 3855 bant,
568 3773 724 3873 perforare
738 3784 771 3849 &
785 3797 991 3868 tantum-non
1004 3801 1138 3852 evertere
1154 3775 1374 3865 molientibus,
1399 3803 1458 3850 nec
1474 3803 1541 3850 non
1557 3776 1678 3854 fluetus
1688 3784 1730 3853 iu

452 3863 588 3969 simpulo
603 3875 847 3971 concitantibuS,
873 3879 991 3956 varium
1007 3872 1171 3982 ibiaestum
1186 3876 1363 3979 enimenim
1369 3873 1590 3958 lunensium
1598 3903 1732 3956 temere
