3624 4736
306 241 1183 333 AristotniisFiticunuuuii.
1327 286 1410 372 227

143 387 247 462 Unde
264 385 398 462 Coelum
408 389 494 487 prius
509 386 553 460 est
563 390 734 462 Elementis
743 443 753 477 ,
763 389 795 461 δι’
807 409 877 486 quat
892 411 930 457 ex
946 386 984 458 iis
1001 383 1413 498 constant,quippequaeex

140 489 270 560 materia
287 493 320 559 δι
340 485 441 559 forma
462 485 534 559 sunt
550 485 741 586 compolita,
755 486 898 584 adeoque
915 484 1137 584 corruptibilia.
1166 496 1358 591 Sempitema
1376 507 1412 575 uc

141 585 390 683 incorruptibilia
406 584 662 684 corruptibilibus
679 583 801 658 essentia
816 581 888 655 sunt
903 585 1005 680 priora
1021 609 1056 675 9.
1066 587 1213 684 Meraph.
1225 601 1258 666 8.
1273 593 1305 664 8.
1325 595 1414 699 Phffi

140 709 177 776 9.
205 683 335 775 (Genus
351 687 427 757 item
442 680 544 780 specie
560 687 646 781 prius
663 681 707 755 est
724 705 850 769 natura,
875 679 939 753 haec
954 682 1040 752 enim
1056 709 1094 754 eii
1105 690 1413 782 genere&differen·
1464 714 1483 724 ·’

142 785 186 854 tia
202 801 350 883 tanquam
378 785 554 854 materia&
570 778 674 857 forma
690 779 736 852 est
752 777 934 879 composita.
977 779 1094 852 Genus
1117 787 1202 858 enirn
1223 785 1267 858 est
1284 795 1410 865 materia

149 885 308 952 10.Met.
332 882 390 970 8.)
422 888 491 978 (3.)
510 903 581 989 que
597 905 663 953 non
683 877 775 952 habet
796 881 923 950 mixtam
942 871 1096 966 formam,
1122 877 1203 970 sive,
1229 912 1296 957 nori
1314 887 1358 958 est
1374 916 1412 963 ex
1477 892 1480 899 ’

143 979 252 1048 multis
268 973 379 1050 formis
397 985 585 1075 compotita,
611 978 752 1076 adeoque
769 979 802 1047 iii
824 978 911 1073 plura
932 971 1033 1070 specie
1048 974 1219 1053 differentia
1235 983 1332 1057 dividi
1355 1013 1413 1060 ne-

138 1078 232 1173 ·quir,
257 1075 331 1148 hinc
346 1077 509 1148 Elementa
524 1075 672 1149 dicuntur
687 1099 819 1172 eoipora
835 1072 1001 1171 simplicia,
1017 1075 1135 1173 reliqua
1151 1077 1249 1153 mista.
1274 1080 1414 1176 πρότερον

144 1179 293 1264 ἳοιχεῑοι,
319 1171 391 1254 »liii
406 1181 532 1266 ςοιχεῑον
552 1195 603 1245 12.
615 1179 711 1244 Mera
732 1173 763 1243 h.
780 1199 813 1269 4.
851 1175 974 1244 Primus
998 1171 1104 1270 itaque
1120 1170 1324 1272 simplicitatis
1340 1207 1415 1281 gra·

143 1268 203 1342 dus
218 1273 297 1342 Deo
313 1276 491 1372 competit,
516 1269 669 1344 secundus
684 1196 802 1354 (podo,
828 1272 934 1342 tertius
949 1267 1130 1344 Elementis.
1172 1275 1216 1346 Et
1231 1271 1356 1349 scientia
1372 1279 1411 1353 de

142 1369 239 1456 Deo,
249 1389 300 1440 tan
326 1395 397 1442 uam
412 1367 637 1465 simplieissimo
654 1365 809 1456 Ente,est
825 1368 925 1464 prima
942 1363 1087 1452 scientia,
1102 1368 1288 1445 undeetiam
1297 1374 1413 1449 Theo·

143 1465 230 1564 logia
247 1395 355 1564 paliim
370 1469 471 1564 prima
486 1465 686 1564 Philosophia
702 1467 796 1538 audit.
845 1465 1001 1536 Doctrina
1011 1485 1118 1560 putem
1134 1466 1258 1566 Physica
1272 1471 1311 1543 de
1327 1466 1413 1546 coeio

143 1565 327 1676 Theologia
348 1566 477 1663 quidem
494 1562 539 1636 est
554 1588 660 1636 natura
676 1559 851 1662 posterior,
876 1561 926 1634 sed
943 1562 1030 1661 prior
1045 1559 1290 1641 consideratione
1306 1566 1416 1661 subla,

144 1683 280 1733 narium.

201 1771 232 1845 ς.
247 1783 298 1845 17.
323 1761 450 1833 Dantur
466 1781 651 1833 autemnon
667 1755 768 1829 solum
785 1753 958 1831 substantia
972 1759 1124 1862 {implices
1139 1815 1150 1848 ,
1174 1761 1213 1834 de
1230 1762 1346 1863 quibus
1366 1763 1416 1840 di-

145 1855 254 1945 erum,
280 1883 388 1932 verum
406 1862 498 1930 etiam
516 1862 549 1931 iii
566 1859 674 1931 ceteris
696 1853 914 1956 categoremasi
936 1855 1112 1959 simplex&
1128 1860 1342 1958 compositum
1359 1889 1415 1940 va·

143 1954 199 2024 let.
251 1956 303 2026 Sic
320 1959 353 2028 in
368 1959 568 2048 Quantitate,
594 1953 722 2052 simplex
745 1951 930 2052 magnitudo
950 1953 996 2026 est
1019 1959 1107 2029 linea.
1167 1957 1417 2056 Simplicissimus
1557 2009 1559 2014 ,

146 2057 183 2122 dc
200 2055 319 2149 primus
336 2067 484 2126 numerus
501 2052 545 2125 est
562 2053 710 2125 binarius.
746 2055 785 2122 ln
803 2051 966 2146 Qialitate
984 2051 1210 2152 sinpliciffima
1227 2081 1321 2130 voces
1342 2055 1417 2136 sum

144 2151 288 2236 vocales,
310 2175 416 2256 eaeque
439 2149 601 2248 simplices.
666 2151 849 2246 Figuratum
872 2149 1097 2222 rectilinearum
1121 2149 1179 2223 sim
1201 2152 1341 2226 lieiffima
1371 2150 1417 2229 est

146 2247 379 2346 Triangulum,
405 2249 658 2322 Curvilinearum
680 2271 757 2320 vero
780 2247 937 2318 Circulos.
996 2249 1150 2320 Mortium
1175 2177 1416 2346 irnplicilsimua

147 2348 183 2414 dt
201 2348 321 2441 primus
336 2346 380 2417 est
397 2349 500 2419 localis
520 2349 553 2418 in
568 2345 639 2420 Ubi
655 2347 688 2416 8.
706 2344 876 2442 Physm.
894 2341 933 2411 de
969 2361 1258 2416 en.<7¹corr.c.10.
1275 2354 1415 2420 12.Me·
1453 2371 1460 2382 ·

148 2447 233 2538 raph.
243 2468 274 2535 7.
323 2450 408 2516 Inter
423 2470 529 2516 motus
545 2468 650 2516 autem
665 2443 777 2514 locales
794 2443 915 2541 primus
996 2443 1165 2515 Circularis
1178 2445 1202 2514 l.
1217 2441 1293 2514 ude
1308 2449 1416 2521 coeloc.

152 2563 185 2608 2.
195 2541 251 2611 Ne
268 2542 345 2639 quid
360 2543 461 2614 dicam
479 2545 517 2616 de
526 2567 582 2627 eo,
614 2541 677 2612 uod
692 2541 785 2611 etiam
799 2535 965 2612 substantia
987 2542 1115 2640 reliquis
1131 2541 1311 2640 Cattgoriis
1332 2546 1420 2644 prior

151 2633 211 2723 fit,
235 2643 309 2738 quia
326 2639 518 2737 simplicior:
543 2567 627 2711 unde
645 2634 707 2736 ipsa
723 2636 837 2712 dicitur
853 2645 964 2733 πρῶτον
981 2639 1033 2725 di,
1058 2645 1092 2712 δι
1108 2636 1144 2708 td
1159 2636 1188 2711 di
1215 2643 1353 2734 aviac,
1384 2649 1420 2716 dc

152 2737 191 2804 td
205 2737 326 2821 npdwc
344 2737 371 2808 li
389 2763 421 2823 7.
439 2745 525 2810 Mer.
548 2739 774 2809 i.Ceterorum
792 2739 876 2808 enim
893 2738 1202 2834 praedicamentorum
1220 2739 1342 2812 nullum
1360 2765 1422 2836 po-

148 2831 211 2904 test
224 2861 241 2904 a
254 2829 419 2908 substantia
432 2834 560 2934 separari
575 2833 618 2908 ib.
634 2838 676 2905 rol
694 2834 783 2914 reida
796 2832 868 2906 sunt
884 2833 1033 2926 οἱχᾶριςα
1055 2861 1082 2908 i.
1099 2835 1186 2932 Phlss
1200 2861 1234 2930 4.
1256 2862 1283 2908 i.
1302 2835 1417 2932 degan.

150 2945 203 3004 θ’
215 2955 294 3010 corr.
307 2957 358 3008 io.
372 2935 448 3004 ide
461 2941 581 3017 anima,
595 2959 624 3005 1.
641 2932 712 3005 Sola
727 2954 831 3004 autem
848 2930 1012 3007 substantia
1027 2936 1108 3006 inter
1125 2935 1365 3030 Categotemata
1374 2929 1420 3008 est
1518 2973 1521 2980 ·

149 3024 286 3128 separata
305 3057 334 3103 1.
355 3030 476 3128 Phyfiz.
488 3058 521 3120 7.
532 3036 618 3104 Mer.
633 3059 663 3128 3,
677 3032 816 3127 13.8‚1.

203 3132 291 3212 §.i8.
317 3133 443 3202 Totum
458 3132 553 3202 etiam
567 3155 683 3215 omne,
708 3151 781 3200 cum
795 3151 895 3201 unum
912 3127 991 3229 quid
1005 3124 1177 3212 firmatura
1192 3127 1278 3225 prius
1295 3123 1339 3198 est
1348 3151 1423 3225 par⁴

148 3221 241 3298 tibus
265 3223 327 3299 suis
342 3228 447 3298 multis
469 3230 597 3326 quippe.
648 3229 775 3298 Torum
791 3247 895 3297 autem
909 3223 1075 3298 Aristoteli
1095 3243 1125 3320 5.
1145 3223 1293 3324 Metaph.
1305 3233 1360 3296 26.
1377 3221 1424 3299 est

152 3347 277 3412 unum,
287 3325 375 3423 quod
391 3327 533 3396 continet
547 3333 581 3396 δι
597 3325 702 3422 plura,
713 3348 783 3423 quae
800 3327 1065 3410 continenttu,ut
1081 3346 1181 3394 unum
1201 3320 1278 3405 sint.
1323 3321 1425 3414 Quod

154 3421 323 3520 dupliciter
346 3422 478 3522 intelligi
503 3422 605 3521 potest
620 3427 654 3493 δι
669 3420 779 3506 debet,
804 3441 857 3492 aut
873 3422 958 3492 enim
982 3441 1020 3490 ut
1044 3421 1296 3520 unumquodque
1321 3446 1425 3495 unum

154 3513 195 3591 fit
201 3573 212 3609 ,
223 3541 276 3592 aut
284 3517 523 3593 utexomnibus
532 3522 591 3593 illis
609 3521 765 3593 contentis
781 3543 880 3590 urium
898 3516 945 3593 sit.
957 3519 1046 3589 Hinc
1064 3517 1133 3590 duae
1146 3514 1425 3620 quasidescriptio-

156 3641 232 3689 nes:
252 3623 306 3707 (ι)
322 3621 450 3690 Totum
464 3616 508 3689 est
525 3645 642 3704 unum,
666 3615 754 3717 quod
777 3619 918 3689 continet
939 3616 1099 3715 depluta,
1117 3618 1427 3714 quaeeontiiientur‚
1480 3657 1484 3662 -

117 3717 121 3726 ’
156 3739 195 3786 ut
210 3713 348 3816 singula,
388 3741 435 3787 uae
452 3719 673 3805 continentur,
687 3711 747 3786 sint
763 3739 865 3788 unum
882 3715 959 3801 tale,
975 3714 1064 3812 quod
1082 3715 1153 3786 alias
1170 3715 1282 3785 dicitur
1298 3713 1427 3786 Totum

158 3743 597 3892 Universaleztllnitersalia:
613 3812 675 3886 liuc
690 3815 825 3913 pertinet
839 3809 1014 3913 propositio
1028 3807 1202 3885 universalis
1211 3863 1221 3896 ‚
1231 3809 1342 3884 multas
1356 3835 1428 3912 par·

161 3911 305 3990 titulans
321 3913 544 4012 complectens.
570 3911 612 3986 'ri
622 3915 744 3989 rabitur
763 3913 830 3989 ὅλοι
841 3919 870 3986 tl
887 3910 1051 3992 §suntad
1066 3911 1130 4008 yolg
1140 3907 1375 4006 ’περιλαμβάνει
1391 3911 1431 3981 tir

914 4003 969 4081 Fr
989 4030 1007 4078 2
1360 4007 1433 4102 pipi
1562 4058 1565 4064 <
