3632 4726
332 273 678 373 starem,
728 297 806 357 tr
862 273 1215 362 Mittunt.
1314 249 1412 392 'ser

266 481 268 486 ,
289 423 345 492 At
358 445 422 518 qua
439 421 537 516 niorss
547 425 670 518 patitur
684 423 859 520 Aquilonis
870 427 974 494 minat

290 525 423 614 Euripus
438 518 538 588 undar
547 520 649 615 flesiit
663 517 819 612 instabiles
831 543 933 616 vagus

287 622 464 711 Septemqte
476 615 575 707 ourfirr
584 615 704 712 jsrsiir,
731 631 780 690 θ’
794 617 920 686 totidem
936 618 1049 713 refert,

292 716 381 784 Dum
395 715 467 804 saffir
481 714 578 784 Tium
596 734 715 810 mergar
731 717 855 785 Oceano
862 718 954 810 juga.

143 815 255 910 Atque
269 807 310 880 sic
326 807 508 884 Strabonem
526 809 762 907 intelligendum
776 809 829 881 lib.
842 835 873 886 1.
889 812 990 885 voluit
1009 806 1231 898 casaubonus,
1255 835 1323 910 quo
1337 814 1411 884 loco

145 911 196 981 ille
213 909 252 980 de
264 902 417 979 fictorum
431 904 506 978 estu
520 905 644 978 docens.
696 909 778 980 Non
795 907 928 979 eundem
945 906 1095 979 omnibus
1108 909 1166 980 esse
1182 911 1245 999 ait,
1269 910 1412 1008 alioquin

145 1031 213 1078 nort
233 1005 373 1076 Siculum
387 1001 435 1074 bis
472 1003 591 1075 uotidie
609 1024 795 1086 mutaretur,
820 1004 1037 1080 Chalcidicum
1054 1001 1180 1101 septies,
1205 1009 1412 1103 Byzantinum

145 1126 318 1201 nunquam.
352 1101 424 1174 Ubi
440 1029 518 1172 sicut
534 1123 589 1196 per
604 1098 752 1173 bisbinas
767 1105 850 1176 vices
863 1104 997 1177 interdiu
1009 1109 1043 1174 δι
1060 1101 1191 1175 totidem
1206 1106 1305 1176 noslu
1319 1124 1414 1201 atquc

145 1200 187 1273 src
202 1221 311 1297 quater
326 1199 459 1297 intelligi
471 1193 587 1279 aslctit,
613 1198 789 1298 eodemque
803 1201 896 1297 passo
910 1198 1020 1299 septies
1037 1198 1198 1271 Strabonis
1214 1199 1273 1272 esse
1345 1203 1414 1272 ien-

145 1297 233 1370 dum.
259 1297 348 1368 Cum
362 1321 440 1370 vcro
456 1295 593 1367 Plinium
611 1293 663 1366 lib.
676 1321 741 1367 2.c.
752 1321 810 1387 97.
828 1298 984 1394 Euripum
1002 1301 1037 1370 in
1054 1293 1183 1369 Euboea
1195 1225 1413 1396 spudium

145 1397 240 1468 noete
261 1395 505 1490 reciprocantem
530 1389 664 1491 legisset,
688 1394 765 1465 alios
778 1393 826 1465 bis
841 1390 969 1490 septies,
995 1397 1070 1468 alios
1088 1413 1209 1480 autem,
1236 1419 1272 1466 ut
1288 1397 1320 1465 in
1341 1400 1415 1466 An-

143 1491 250 1586 tipltili
266 1493 401 1564 carmine
423 1489 575 1577 vidimus,
600 1487 696 1562 sexies
725 1491 871 1563 duntaxat
887 1493 968 1566 uela
983 1496 1159 1588 νυχθημέςε
1173 1492 1286 1588 Euripi
1301 1491 1415 1563 fluctus

147 1589 347 1684 reciprocari3
373 1590 478 1686 itaque
492 1585 531 1658 ab
544 1585 599 1658 luc
618 1590 799 1660 Annorum
816 1587 1022 1661 inconstantia
1037 1591 1069 1660 in
1079 1585 1417 1685 eamdevenitopinio·

148 1711 240 1772 nem,
265 1711 320 1756 eos
345 1687 401 1784 qui
424 1687 520 1781 primi
538 1683 577 1756 de
592 1687 714 1782 Euripo
729 1687 771 1758 ita
785 1682 957 1782 scripserint
972 1711 1025 1760 aut
1038 1686 1138 1756 locuti
1158 1683 1235 1774 smt,
1246 1683 1341 1757 sinito
1356 1709 1417 1756 nu-

149 1807 240 1855 mero
264 1807 323 1880 pro
346 1779 493 1868 infinito,
518 1803 555 1854 ut
581 1779 650 1853 fieri
672 1779 829 1869 stetisset,
853 1779 925 1854 usos
941 1779 1039 1857 fuisle.
1064 1787 1140 1875 Qua
1155 1783 1189 1851 in
1205 1807 1237 1853 re
1253 1784 1415 1874 ὁμόψηφον

152 1881 254 1953 laudat
277 1882 427 1965 Livium,
452 1884 539 1972 cujus
564 1877 629 1950 hac
648 1878 813 1954 sintverba
830 1877 883 1951 sib.
896 1885 994 1954 Vm.
1012 1879 1119 1952 decad.
1134 1880 1284 1973 puellis.
1295 1905 1349 1977 27.
1374 1883 1418 1951 Et

143 1979 265 2070 fretum
280 1979 376 2078 ipson
389 1981 500 2079 Euripi
516 1999 574 2046 non
580 1978 689 2076 septies
704 1976 773 2064 die,
791 1982 869 2070 ficut
875 1981 971 2068 fama
978 1981 1064 2075 ferr,
1089 1975 1271 2076 temporibus
1277 1978 1364 2068 liaris
1371 2003 1421 2048 re-

154 2082 308 2171 ciprocat3
329 2074 382 2169 fris
406 2095 516 2148 term
538 2080 572 2144 in
589 2073 712 2145 modurn
727 2083 832 2160 verti,
858 2099 938 2147 nunc
954 2076 1032 2164 hur,
1055 2097 1136 2150 nunc
1150 2076 1223 2146 illut
1238 2082 1322 2171 verso
1339 2079 1421 2146 mari

154 2174 242 2244 velut
258 2194 359 2244 monte
371 2179 521 2273 precipiti
530 2167 692 2243 imitatus
705 2191 822 2244 tenens
838 2178 969 2272 rapitur.

203 2272 307 2340 XLII.
334 2272 458 2342 Verum
482 2270 673 2354 enimvero,
698 2269 815 2342 tametsi
835 2279 868 2343 δι
885 2267 1141 2368 ipsemet-Plinius
1156 2268 1195 2340 de
1211 2267 1420 2341 Tauromini·

156 2387 232 2438 tano
247 2367 371 2464 Euripo
386 2366 535 2439 concedat
549 2365 652 2465 ipsum
660 2365 760 2440 adsim
773 2366 949 2465 s'2piusreci
973 2369 1090 2455 rotari,
1115 2393 1180 2438 non
1197 2389 1300 2464 nmen
1313 2363 1420 2436 dehoc

155 2462 241 2560 ipso,
267 2465 369 2536 multo
389 2467 495 2536 minus
516 2463 554 2536 de
570 2465 683 2551 altero,
709 2463 863 2536 infinitam
889 2393 1040 2557 ejuliitodi
1054 2466 1331 2562 regurgitationem
1349 2459 1423 2534 asse-

155 2586 220 2634 rere
236 2561 354 2647 voluit3
379 2587 474 2660 quam
490 2558 514 2631 st
528 2559 713 2633 Aristoteles
725 2560 857 2635 asstduus
872 2569 903 2634 dr
918 2561 1073 2634 accubuus
1087 2561 1222 2650 ejusdcm
1236 2559 1347 2655 Euripi
1355 2557 1424 2657 spe·

157 2662 256 2731 slator
278 2657 473 2755 percepisset,
499 2659 766 2758 quemadmodum
790 2657 859 2731 stne
883 2658 907 2731 st
929 2659 1120 2758 usqueadeo
1133 2681 1239 2732 motus
1257 2658 1424 2730 inordinati

57 2745 69 2763 ³
158 2754 283 2827 fuissent
305 2759 388 2854 perci
412 2781 463 2828 ere
483 2751 573 2830 facile
591 2778 655 2828 tam
672 2754 828 2856 sagacibus
845 2759 946 2830 oculis
961 2766 994 2828 δι
1012 2779 1116 2829 mente
1131 2754 1295 2852 potuisset,
1322 2759 1426 2826 minus

160 2850 365 3021 iiiiii?
419 2851 1149 3048 rfflsstiissgsiisilllll
1157 2850 1426 3046 isidis:

117 3093 120 3098 ·
159 3044 210 3118 bic
226 3044 751 3119 concurrentcsrationesstatuimus
762 3049 873 3144 Euripi
881 3069 1025 3132 motum,
1050 3043 1101 3117 sed
1109 3067 1211 3116 tamen
1219 3070 1351 3118 numero
1360 3045 1427 3116 ct'r-

162 3163 199 3214 to
221 3140 364 3216 &finito
390 3146 576 3243 plerumque
597 3141 829 3218 observabilem.
884 3145 976 3216 Adeo
992 3166 1028 3215 ut
1045 3145 1163 3214 Cicero
1177 3141 1229 3213 sib.
1241 3167 1271 3235 3.
1288 3143 1327 3213 de
1342 3147 1427 3216 Nar.

163 3243 258 3311 Deor.
263 3262 296 3339 p.
306 3254 358 3334 64.
384 3239 487 3313 cursus
505 3249 653 3314 certos&
671 3236 844 3313 constantes
860 3241 1014 3327 tribuere,
1039 3243 1106 3312 imo
1119 3238 1428 3312 eodeminmoturt-

164 3339 354 3434 ciprocando
379 3337 457 3411 nihil
481 3337 549 3410 fieri
576 3337 661 3436 posse
684 3335 877 3410 constantius
894 3339 1054 3434 putaverit.
1081 3337 1222 3410 Tametfi
1237 3344 1270 3408 δι
1288 3335 1352 3435 ipse
1371 3362 1427 3436 pro

163 3443 312 3507 Murano
324 3459 394 3534 r·¹3
405 3460 435 3507 2.
452 3438 608 3534 Euripum
623 3437 676 3510 vix
692 3457 759 3523 tot,
786 3459 883 3507 tanus
897 3458 1024 3533 tamque
1041 3437 1135 3509 varias
1150 3434 1260 3507 habere
1274 3435 1428 3507 slusiuum

163 3533 346 3630 agitationes
370 3532 567 3618 concesserit,
592 3553 722 3632 quantas
746 3531 994 3630 perturbationes
1018 3539 1052 3604 δι
1070 3552 1205 3632 quantos
1217 3529 1306 3605 aestus
1320 3529 1430 3606 lrabeat

165 3633 246 3702 ratio
262 3632 476 3704 contitiorum.
501 3632 639 3702 Nullum
654 3633 764 3730 utique
777 3655 859 3702 mare
875 3629 1011 3705 crebrius
1028 3653 1081 3704 aut
1094 3629 1222 3704 celerius
1236 3631 1364 3702 recurrit
1377 3651 1431 3704 aut

167 3730 368 3813 concitatius,
393 3729 476 3800 tande
492 3737 525 3800 δι
541 3725 710 3800 Boethius:

314 3825 515 3921 Exaefluantir
530 3851 612 3898 more
618 3828 724 3921 fortir
749 3830 870 3925 Euripi.

220 3923 323 4012 Cujus
339 3919 567 4023 frequentiores
582 3946 685 4000 nmen
707 3925 965 4095 reciproccationes
987 3926 1080 3999 Dion
1092 3925 1185 3999 unius
1199 3923 1262 4000 diti
1277 3931 1312 3999 dt
1328 3925 1432 4091 tropis

874 4045 967 4096 cccc
987 4045 1013 4092 a
1379 4044 1435 4116 pa·
