3658 4728
302 2541 305 2576 ι
393 2525 442 2576 ter
464 2505 724 2577 contradicentem
745 2497 823 2572 habe
847 2504 880 2574 it.
908 2510 952 2574 11.
967 2504 1117 2578 Alienae

273 221 277 230 ’
400 237 480 352 368
560 221 1501 345 Jonau.WaunaururDrauarrt

394 377 515 450 fitionis
531 376 616 472 prius
629 371 681 444 hie
700 369 873 455 terminari,
899 367 1137 466 liquido‘docet.
1162 367 1321 438 Familiare
1335 363 1397 436 huc
1411 363 1659 462 ipsrusofficium

393 472 472 560 asse,
497 495 534 542 ut
545 476 577 543 in
596 469 700 542 medio
715 466 836 564 periodi
841 465 969 632 positus
978 465 1106 536 eandem
1115 461 1292 550 intersecet,
1320 461 1539 558 vel'tpronibus
1547 464 1661 538 Ebrai·

394 571 453 644 smi
477 591 589 641 notum
612 565 665 637 est.
713 566 759 634 Et
774 561 838 634 hie
853 589 910 634 ane
925 563 1036 633 eodem
1050 587 1179 633 munere
1194 559 1354 660 ftmgitut,
1379 581 1531 658 notatque
1546 575 1659 640 vocem

396 667 471 742 rim
512 659 575 737 riua
597 662 719 760 periodi
736 658 912 731 membrum
928 657 1036 746 finire,
1061 656 1192 756 sequens
1205 681 1310 730 autem
1326 679 1364 740 aa
1380 656 1531 754 posterius
1548 660 1655 733 orditi.
1708 677 1711 688 '

395 693 511 856 Quos
512 782 674 835 accentum
695 755 798 854 jethela
812 779 901 854 urget
916 751 1088 841 Israelides-‚
1113 753 1263 830 frivolmn
1277 755 1331 828 est.
1365 757 1447 846 Quis
1462 758 1548 826 enim
1560 756 1656 830 nescit
1691 809 1695 818 ·

395 860 480 934 hunc
502 859 632 932 levicula
655 853 759 926 saltem
782 878 877 926 voces
900 850 1160 951 subdistinguere,
1184 875 1220 924 ut
1246 853 1403 946 dmeesppi
1428 853 1574 924 duntaxat
1598 856 1656 943 fit,

395 985 432 1032 ac
449 957 589 1055 spiritum
607 976 728 1025 tantum
745 951 973 1049 aliquantulum
993 947 1204 1022 sustinendum
1220 975 1253 1022 ac
1270 948 1516 1047 suspendendum
1533 947 1589 1020 elle
1608 956 1659 1046 in—

399 1057 491 1127 dicet
542 1050 631 1142 Quid
654 1048 744 1148 quod
767 1045 1011 1143 frequentissime
1035 1051 1138 1118 otium
1154 1068 1244 1146 agat,
1270 1048 1411 1145 nihilque
1427 1049 1460 1116 in
1473 1049 1657 1121 continuato
1709 1107 1716 1116 .

398 1150 542 1224 sermone
557 1145 746 1244 distinguat,
770 1146 817 1239 uri
831 1143 1053 1215 Grammaticis
1068 1142 1264 1216 observatum
1281 1143 1334 1217 est.
1360 1141 1659 1241 AtAthrreclrptaess

394 1252 506 1345 cipuus
527 1264 673 1316 accentus
687 1239 813 1338 pausans
829 1239 891 1325 est,
916 1247 951 1312 de
968 1239 1117 1311 omnibus
1135 1243 1200 1312 aliis
1215 1244 1340 1338 potior,
1363 1241 1430 1313 solo
1448 1241 1552 1324 Sillak
1567 1241 1675 1314 exce-l
1694 1313 1699 1322 ,

393 1358 473 1442 pto,
499 1363 684 1436 tantumque
698 1341 829 1408 omnino
845 1339 943 1423 valet,
969 1359 1123 1436 quantum
1131 1337 1224 1410 nobis
1234 1347 1337 1409 adan.
1364 1335 1657 1438 Qtod&hiciron}
1697 1335 1728 1375 ‘²

396 1440 561 1539 nunquam
583 1440 717 1519 otietur,
743 1433 818 1505 haut
834 1437 959 1532 ignoro.
994 1435 1053 1506 Sed
1068 1457 1136 1506 tum
1153 1456 1220 1506 tota
1235 1435 1380 1532 periodus
1399 1457 1529 1504 omnem
1547 1433 1675 1530 destined(

395 1540 535 1610 &tionem
551 1531 681 1629 respuit,
708 1532 795 1630 quod
810 1535 860 1604 vel
874 1535 908 1602 in
922 1535 1027 1628 primo
1042 1531 1154 1605 Biblici
1169 1532 1285 1605 codicis
1295 1528 1380 1606 versu
1393 1530 1495 1602 videre
1503 1523 1560 1602 ests
1571 1509 1656 1606 'Ubi

394 1655 501 1706 autem
512 1631 669 1706 distinctio
683 1629 790 1700 locum
807 1626 915 1712 habet,
925 1651 993 1700 tum
1009 1629 1054 1700 ibi
1063 1635 1169 1726 potius
1177 1625 1425 1712 coltocmdaest,
1438 1626 1493 1698 ubi
1505 1629 1656 1700 Athneth

393 1729 508 1821 haeret,
533 1752 628 1829 quam
652 1724 707 1796 ubi
725 1725 812 1818 aliud
830 1722 1052 1812 semiincisum‚
1080 1729 1171 1825 quale
1197 1725 1312 1820 Jerhr'b
1326 1723 1448 1810 *existin
1477 1723 1654 1810 offenditur.

395 1828 427 1898 E
465 1826 584 1900 laribus
599 1820 722 1919 insuper
736 1824 884 1918 exemplis
899 1823 1035 1912 constat,
1060 1823 1138 1896 hanc
1154 1825 1249 1920 ipsam
1265 1824 1444 1921 particulam
1462 1845 1499 1904 ar
1514 1849 1587 1896 cum
1598 1823 1655 1921 ple.

392 1852 480 2015 thid,
505 1919 576 2022 post
601 1919 774 2005 Aetnaea,
798 1919 909 1992 aliosve
923 1944 1066 1994 accentus
1082 1921 1274 1996 distinetivos
1290 1921 1446 2005 minores,
1470 1921 1506 1992 ad
1523 1919 1657 2018 sequen·

390 2021 437 2092 tia
452 2023 620 2118 pertinere,
646 2023 681 2089 δι
694 2017 789 2087 donec
802 2019 851 2090 vel
865 2018 952 2114 usque
966 2016 1156 2117 fignificate,
1183 2040 1219 2090 ut
1235 2018 1338 2088 fixae.
1355 2021 1465 2103 XXII,
1475 2043 1507 2104 9.
1526 2021 1654 2106 XXIII»,

397 2139 453 2216 30.
468 2118 553 2213 Jad.
563 2121 623 2201 W,
634 2137 689 2208 24.
701 2111 836 2228 'Ruth.l,
850 2140 903 2212 13.
925 2121 1034 2189 rSam.
1044 2119 1155 2202 XXII,
1169 2142 1198 2216 3.
1214 2123 1276 2187 dcc.
1302 2116 1411 2184 Nimis
1423 2116 1528 2211 itaque
1538 2117 1656 2212 genui*-
1803 2181 1805 2186 .

389 2239 468 2286 -nam
485 2235 586 2286 textae
601 2211 830 2285 intercisionem
852 2213 947 2285 violat
964 2217 1120 2312 Largius,
1146 2217 1300 2312 aliamque
1315 2208 1437 2307 prorsus
1453 2233 1520 2282 non
1537 2223 1655 2286 conie-

391 2313 535 2384 nientem
551 2308 690 2383 intrudit
716 2311 749 2379 Si
766 2333 801 2380 ea
815 2310 934 2380 ratione
948 2307 1099 2410 effiagium
1114 2310 1294 2412 quazsttutus
1311 2307 1374 2395 est,
1386 2329 1422 2379 ut
1430 2329 1573 2380 accentus
1581 2335 1652 2384 cum

392 2411 517 2505 putastis
532 2405 690 2484 vocalibus
706 2407 804 2474 textui
817 2409 1006 2572 primigenio
1021 2429 1106 2480 atate
1118 2433 1206 2576 pares
1220 2405 1405 2575 elseurpeget‚
1425 2431 1481 2522 'me
1496 2402 1655 2522 sibiforti-

1161 2530 1196 2576 ea
1216 2529 1279 2576 voc
1314 2530 1337 2575 ae
1362 2529 1380 2573 a
1423 2525 1487 2575 mte
1525 2527 1635 2576 retauo

390 2625 457 2698 qua
464 2605 581 2700 semper
597 2603 646 2674 vel
662 2605 697 2667 in
711 2618 852 2700 eternam
871 2599 1015 2672 redditur.
1061 2611 1130 2674 Pro
1146 2627 1180 2672 ea
1194 2525 1587 2674 adsitutndasolamrislam
1605 2557 1655 2673 lo³

391 2699 556 2770 curionem
577 2721 625 2779 aar
648 2696 736 2776 altri
758 2695 881 2768 adducit
902 2701 1059 2795 Largius,
1084 2700 1139 2770 ubi
1156 2700 1223 2772 talis
1237 2703 1304 2786 ejus
1319 2695 1505 2795 fignificatio
1520 2719 1652 2795 apparet.

392 2794 552 2868 Menalleh
569 2797 636 2866 Ben
653 2791 742 2865 lsrael
758 2794 867 2890 allegat
883 2791 976 2865 verba
991 2799 1040 2890 Pfi
1051 2799 1143 2879 XIX,
1159 2821 1209 2866 10.
1233 2797 1294 2876 aab
1311 2819 1401 2876 nanta
1411 2795 1498 2891 flens
1520 2802 1554 2863 r'n
1570 2815 1653 2870 etet·

391 2915 476 2963 nam.
511 2895 570 2966 Sed
586 2916 692 2963 utrum
717 2917 756 2962 ue
771 2891 951 2986 exemplum
969 2895 1112 2987 cladeque
1130 2889 1189 2978 est,
1208 2893 1355 2994 nihilque
1370 2891 1488 2990 probat.
1516 2893 1654 2965 Utrum·

392 3014 456 3086 que
470 2992 554 3061 enim
572 2990 666 3088 longe
681 2917 770 3058 adam
787 2985 1051 3062 constructionem
1066 2988 1217 3074 ostentat,
1232 3017 1328 3090 quam
1342 3015 1411 3088 quae
1423 2989 1454 3060 h.
1469 2992 1492 3058 l.
1507 2991 1652 3064 cernitur.

390 3087 459 3160 Illic
474 3108 513 3178 aa
528 3089 579 3159 vel
593 3110 670 3185 perr
685 3087 897 3182 copulativam
909 3111 983 3158 cum
998 3090 1064 3169 abu
1080 3090 1292 3174 connectitur,
1318 3088 1535 3160 velliternus
1550 3087 1654 3184 prali-

389 3209 460 3254 xam
477 3183 589 3269 habet,
614 3184 718 3282 sicque
740 3179 848 3280 passmr
857 3185 994 3276 seculum
1007 3188 1058 3258 vel
1073 3188 1345 3284 sempiternitatem
1359 3203 1458 3256 notat.
1507 3191 1653 3256 Patarea

390 3279 474 3352 idem
489 3306 619 3378 quaque
634 3279 786 3377 designat,
813 3305 886 3352 cum
903 3283 1093 3378 precedente
1110 3284 1216 3381 aliquo
1229 3285 1359 3352 nemine
1375 3279 1604 3366 constructum
1611 3301 1651 3378 ut

391 3397 431 3456 ’u’
444 3399 495 3450 'aa
511 3380 577 3466 Efh.
588 3383 651 3462 IX,
667 3399 695 3470 ς.
712 3399 751 3455 'ut
764 3382 846 3457 mlta
860 3383 926 3472 Efia.
938 3386 1038 3469 XLV,
1052 3390 1103 3452 16.
1122 3403 1161 3463 aa
1174 3403 1241 3453 *tm
1257 3379 1382 3468 Hebak
1393 3383 1460 3463 ΙΙΙ,
1468 3381 1500 3448 6.
1515 3378 1563 3450 vel
1577 3395 1652 3462 tum

390 3475 571 3570 participio,
598 3496 634 3545 ut
646 3497 683 3554 ur
701 3495 754 3570 patr
768 3479 1022 3576 EftrrLVllqrp
1040 3480 1089 3550 vel
1106 3503 1179 3549 etun
1193 3475 1410 3574 praepofitione
1426 3497 1474 3553 *aa
1490 3471 1653 3574 saepiuscu-

387 3571 437 3658 le,
463 3571 513 3645 vel
527 3595 600 3641 tum
618 3573 675 3642 alia
691 3593 739 3643 'aa
756 3572 834 3667 Jod.
844 3571 965 3668 XX‚4.
1002 3577 1098 3648 Extra
1113 3573 1166 3648 has
1179 3574 1419 3647 constructionis
1434 3571 1571 3660 formae,
1594 3571 1652 3645 ubi

313 3753 326 3766 ·
390 3670 567 3753 invenitur,
588 3666 743 3768 nusquam
759 3675 956 3742 eternitatem
970 3671 1131 3771 fignificat.
1157 3670 1324 3770 Nusquam
1340 3667 1481 3742 absolute
1497 3667 1652 3768 positum,

391 3786 528 3836 tutante
543 3789 571 3838 u
586 3788 831 3863 repertumeum
851 3765 971 3840 sensum
988 3771 1146 3857 admittit,
1171 3793 1269 3869 quem
1285 3770 1424 3866 langius
1438 3783 1554 3838 tuetur.
1605 3772 1655 3838 At

392 3861 428 3934 in
442 3862 544 3936 verbis
557 3862 675 3960 Jacobi
686 3866 868 3962 particulam
881 3889 909 3940 'a
923 3869 1065 3963 proxime
1071 3863 1252 3966 sequentem
1261 3865 1362 3940 habet.
1383 3862 1543 4032 Ollmdqt
1550 3863 1653 3976 autem

1544 3983 1654 4059 angius
