3658 4728
397 199 1186 290 H1scos1co-Tiitoioe1ci.
1347 205 1427 320 '305

170 339 332 457 Basilemsi
346 367 402 442 per
416 345 571 446 Jomnem
580 347 775 444 Hetvagium
783 349 827 417 A.
843 341 1047 442 1563.faola,
1057 369 1185 444 quaego
1193 340 1432 432 usussummu·

149 449 276 512 'merus
292 443 362 526 illc,
389 467 486 540 quem
501 440 648 516 vitiosum
665 445 724 514 'elle
739 445 915 531 clamitant,
941 468 1006 514 non
1024 465 1099 514 nota
1119 445 1283 530 Romana,
1314 446 1362 516 uti
1385 446 1432 516 al-

173 555 242 606 tero
266 541 299 608 in
316 539 407 624 loco,
432 536 484 611 sed
499 541 599 636 plenis
617 541 711 611 literis
727 565 761 609 ac
780 536 899 635 syllabis
915 537 1068 633 exprellus
1083 536 1129 609 est
1145 593 1156 626 ,
1181 561 1273 637 atque
1295 541 1337 612 ita
1352 538 1431 612 scri-

177 653 269 728 ptus:
294 633 334 704 ab
339 637 465 729 septimo
476 637 789 729 Kalendareficrrexit.
840 635 1027 730 Typothetae
1042 639 1147 732 itique
1162 661 1247 707 error
1261 635 1311 706 hic
1326 639 1433 710 nullus

172 732 206 801 ui
226 751 305 802 etur.
355 738 394 802 ln
402 735 472 804 MS.
480 755 583 804 autem
600 735 707 806 codice
722 731 865 804 mendam
878 728 966 804 fuille
982 731 1064 803 uncle
1077 727 1221 802 constat?
1247 736 1279 803 Si
1288 736 1431 806 enimin-

173 845 205 894 tc
277 853 332 923 per
346 829 445 900 literas
463 826 590 926 scriptus
604 828 667 902 fuit
684 853 849 910 nomenis,
876 831 928 898 vix
940 825 1114 923 sphalmatis
1126 827 1170 898 ibi
1177 825 1310 925 suspicio
1319 832 1428 902 locum

176 1015 248 1090 im
264 925 312 1036 ⁹²²·
337 923 382 995 ⁶¹¹
395 950 543 1094 '“ili‘
557 949 665 1094 iiii?
680 923 1431 1094 l⁰l²⁰²lllllffill¹⁸lllilllli
1485 1016 1488 1025 ·

175 1045 497 1233 gttrisaiixmiipprieaesen·
543 1142 575 1188 et
589 1171 602 1204 ,
618 1075 685 1232 ‘sid
710 1044 900 1283 illojppiiiiiui
925 1117 1048 1199 modo,
1079 1046 1147 1229 qui)
1173 1142 1247 1228 etun
1268 1139 1426 1212 repeterat.

174 1211 781 1408 l‘llillillilffllcll
796 1212 1232 1404 li‘llll'lli‘liilz.
1269 1211 1431 1408 Eimpili}

175 1409 261 1476 mim
280 1404 372 1492 hinc,
396 1429 449 1478 aut
463 1407 681 1503 Theophilum
691 1404 752 1478 fibi
768 1405 998 1491 contradixisse,
1023 1406 1163 1502 adeoque
1182 1403 1292 1478 falsum
1353 1406 1433 1493 ille,

173 1521 231 1573 sut
252 1503 369 1574 Bedam
386 1505 428 1575 ita
441 1507 475 1574 in
491 1502 582 1594 hujus
599 1501 752 1575 sententiat
766 1498 969 1597 descriptione
981 1528 999 1572 a
1012 1497 1172 1596 semetipso
1186 1503 1373 1598 discrepare,
1396 1522 1434 1574 ut
1567 1535 1569 1538 ’

173 1597 256 1693 quid
277 1602 374 1670 tutius
388 1597 538 1698 sequaris,
553 1597 676 1672 nescias.
725 1598 825 1690 Qod
841 1596 864 1668 sl
880 1621 983 1670 autem
999 1602 1135 1670 omnino
1150 1597 1264 1672 librarii
1275 1599 1432 1676 ,mendum

176 1695 212 1764 in
231 1696 376 1768 alterutro
393 1698 536 1768 locorum
552 1697 642 1768 Bedae
659 1695 853 1768 statuendum
870 1693 933 1780 sit,
959 1696 1126 1790 proclivius
1142 1697 1297 1774 ecitillud·
1310 1699 1343 1768 in
1358 1699 1432 1768 loco

174 1792 432 1962 ietliiiisila
443 1815 494 1960 cii
507 1791 683 1985 iiiiii}
704 1789 1433 1985 {nullibiinffintegeiiiiiliiiiibitlui

157 1986 338 2070 ,notorium
360 1982 416 2056 est.
446 1989 542 2057 Vlll.
560 1987 593 2056 si
609 1986 657 2058 vel
673 1979 852 2059 vitiosussit
865 1984 953 2056 locus
970 1984 1020 2054 ille
1034 1985 1124 2058 Bedae
1141 2037 1152 2071 ,
1177 2007 1273 2082 quem
1287 2009 1346 2056 nos
1355 2003 1434 2082 pro-

174 2077 350 2168 duximus,
379 2088 413 2152 δι
437 2083 521 2155 ceste
545 2079 615 2152 satis
638 2078 697 2152 sese
721 2077 829 2152 habeat
844 2081 901 2152 ¹ille
924 2081 1022 2166 alter,
1056 2105 1152 2176 quem
1177 2087 1243 2152 Lm
1267 2083 1433 2154 ius-attulit
1511 2159 1514 2166 .

174 2176 387 2264 (tuomum
402 2180 486 2248 enim
505 2180 634 2264 erimus)
650 2202 718 2248 non
731 2173 856 2248 difficile
871 2198 974 2248 tamen
990 2178 1063 2260 etit,
1074 2179 1115 2246 ita
1124 2107 1296 2274 theopiili
1312 2177 1433 2250 senten-

176 2273 251 2346 tiam
266 2276 415 2368 explicare
431 2325 442 2360 ,
467 2296 503 2344 ut
517 2272 594 2344 nihil
610 2273 687 2345 adeo
705 2273 900 2346 incommodi
913 2269 1019 2344 foveat
1034 2300 1044 2353 ;
1070 2267 1120 2342 sed
1135 2297 1263 2368 propes
1281 2272 1384 2344 nostra
1399 2280 1434 2344 lc

175 2372 303 2466 antiqua
320 2368 414 2453 absit,
440 2395 497 2442 nec
512 2371 635 2466 Lingio
649 2370 715 2442 ullo
732 2369 831 2440 modo
845 2365 955 2442 faveat.
1003 2369 1095 2438 Dicit
1110 2368 1309 2464 Theophilus
1321 2372 1354 2441 in
1363 2393 1433 2442 ver-

176 2462 224 2536 bis
237 2490 254 2534 a
269 2469 392 2563 Langio
407 2467 522 2538 citatis:
545 2468 648 2563 passus
661 2465 701 2560 est
715 2469 870 2536 Dominus
884 2464 924 2536 ab
941 2466 1000 2536 ΧΙ.
1017 2467 1095 2538 Kal.
1115 2469 1265 2564 Apriles,
1274 2491 1336 2560 qua
1350 2465 1433 2536 nolle

176 2561 338 2653 aeJudaeis
355 2563 395 2656 est
410 2567 564 2646 traditus,
582 2579 656 2632 erc.
699 2559 909 2648 Observems,
933 2562 1021 2659 quod
1045 2585 1111 2632 non
1134 2569 1193 2650 ajat
1220 2561 1431 2649 crucifixum,

178 2681 342 2730 morotum
357 2679 410 2730 aut
425 2657 579 2755 sepultum
594 2655 652 2730 tile
666 2660 848 2730 Dominum
863 2657 901 2730 ab
918 2663 974 2732 XI.
991 2660 1062 2729 Kal.
1079 2661 1230 2753 Apriles,
1263 2657 1312 2732 scd
1328 2657 1434 2732 saitem

174 2756 297 2854 paessum
312 2807 323 2838 ,
347 2755 442 2852 idque
457 2781 494 2824 ea
507 2755 606 2841 nolle,
631 2781 693 2851 qua
704 2782 725 2824 a
742 2755 863 2852 Judaeis
878 2756 1013 2826 traditus
1027 2755 1075 2842 cll.
1101 2759 1252 2852 Intelligit
1258 2778 1362 2828 autem
1371 2754 1434 2828 fine

178 2849 279 2922 dubio
294 2850 592 2948 iniciumpallionis,
607 2877 676 2950 quae
685 2849 806 2948 vespera
818 2857 876 2924 ΧΙ.
885 2854 956 2922 Kal.
966 2854 1092 2947 Apriles
1101 2849 1202 2922 secuta
1211 2853 1343 2946 incepit,
1360 2851 1443 2924 dum·

178 2969 314 3045 agonem
326 2952 359 3019 in
373 2947 467 3020 horto
482 2946 593 3033 subiit,
612 2957 646 3018 &
662 2948 787 3020 demum
803 2970 909 3044 captus
922 2949 1004 3018 acad
1020 2945 1367 3046 magistratioabduilus
1382 2945 1434 3018 est.
1511 3003 1514 3011 .
1591 2997 1596 3006 -

179 3043 322 3124 indicant
335 3044 396 3115 hoc
411 3042 520 3117 verba:
537 3069 598 3140 qua
606 3043 848 3140 nolleaJudaeis
855 3045 892 3138 est
900 3044 1045 3114 traditus.
1070 3043 1167 3135 Qtod
1178 3044 1261 3112 enim
1270 3041 1440 3139 Theophi-

170 3139 231 3212 ¹lus
239 3138 401 3212 Christum
411 3138 593 3212 crucifixum
603 3166 637 3212 ac
646 3163 806 3212 mortuum
815 3135 975 3210 suilienon
985 3143 1115 3210 XLKal.
1125 3134 1313 3233 Apriles‚sed
1322 3140 1436 3212 X.Kal.

180 3235 392 3311 credideritne
406 3238 644 3322 alleruetit,ide
660 3235 823 3308 clarissimo
840 3235 929 3306 Bedae
943 3237 1016 3304 loco
1028 3239 1061 3304 in
1076 3234 1186 3306 eodem
1196 3233 1277 3306 libro
1286 3235 1323 3306 de
1333 3241 1437 3335 Temp.

182 3335 255 3402 Ra.
270 3344 362 3426 c.65.
379 3333 534 3406 evidenter
548 3353 648 3428 patet,
673 3359 769 3430 quem
786 3331 809 3402 si
826 3334 961 3429 Longius
977 3328 1151 3418 evolvisset,
1177 3333 1288 3404 melius
1296 3332 1352 3404 fibi
1362 3359 1441 3406 con-
1499 3330 1504 3336 ’

183 3422 330 3506 sitlctillet.¹
361 3437 408 3500 lta
424 3451 526 3502 autem
541 3428 633 3499 habet
648 3431 715 3499 ille:
742 3436 839 3498 Sexta
854 3426 906 3497 die
921 3432 1075 3500 animalia
1090 3427 1257 3528 terrestria,
1284 3446 1330 3502 (7⁶
1347 3433 1441 3526 ipficm

183 3523 338 3594 hminem
352 3528 512 3620 formavit
536 3525 668 3608 Adam,
690 3525 729 3593 de
749 3529 834 3616 cujus
849 3527 945 3595 latere
958 3525 1139 3596 dormientis
1153 3544 1284 3598 matrem
1308 3532 1444 3596 omnium

184 3625 364 3704 uiuentium
376 3625 523 3722 predulcis
539 3629 660 3707 Evam,
683 3645 741 3717 quae
758 3643 839 3689 nunc
854 3642 1001 3717 quantum
1015 3623 1094 3692 mihi
1109 3623 1234 3692 videtur
1249 3625 1297 3713 effe
1312 3619 1445 3692 credibi-

185 3717 236 3801 le,
259 3715 382 3790 decima
396 3721 614 3795 Kalendarum
630 3721 795 3814 Aprilium
809 3716 875 3788 dies
891 3725 1068 3816 appellatur.
1116 3720 1204 3790 Unde
1220 3724 1327 3789 merito
1342 3716 1445 3788 credi-

187 3827 264 3902 tur,
282 3818 310 3913 fi
333 3841 393 3888 non
408 3823 511 3891 verior
524 3816 676 3911 sententia
692 3821 812 3904 vincit,
836 3815 917 3914 quod
931 3815 1034 3888 beatus
1054 3814 1240 3915 Theophilus
1255 3841 1324 3890 cum
1340 3823 1447 3888 ceteris

910 3919 976 4011 Qq
1389 3927 1450 3984 nou
