3624 4736
412 227 498 314 214
723 203 1031 316 Jonnuurs
1085 200 1365 316 Jdusuun

404 351 551 422 Minerua
566 342 654 436 jubet
669 344 830 416 Cadmum
848 341 992 441 prasente
1008 342 1115 414 animo
1130 340 1188 412 ene
1204 393 1214 427 ,
1241 349 1294 429 δι,
1311 360 1347 410 ut
1362 337 1676 440 Spareoslllotlapide

430 467 513 531 etat,
540 442 609 516 insti
636 465 672 514 at.
716 441 842 514 Cadmo
866 445 1020 515 Minerva
1033 437 1107 533 julla
1123 435 1286 524 exsecum,
1311 441 1512 537 Terrigenae,
1538 440 1675 538 quisce

406 475 498 621 iociis
523 470 675 640 lapididus
698 542 764 638 peti
790 539 1028 628 existimabant,
1053 541 1088 610 in
1111 538 1142 610 se
1158 565 1241 610 arma
1257 559 1472 624 convertunt,
1498 535 1675 638 mutuisque

409 637 590 726 vtdneribus
613 639 753 725 cadunt,
779 643 922 738 quinque
937 664 1010 710 exce
1035 640 1083 709 tis.
1135 635 1205 733 lpse
1221 659 1351 738 quoqne
1369 635 1510 708 Cadmus
1529 639 1675 732 complu·
1756 715 1761 726 ‚

470 663 1674 934 anismam

409 869 493 916 mma
1418 886 1426 904 .
1628 885 1671 906 ..

409 940 533 1040 aliique.

555 1037 723 1132 Dignaque
738 1031 817 1112 iulio
825 1030 941 1124 simine
951 1028 1074 1129 proles,

488 1217 491 1224 μ
555 1131 623 1198 Uno
641 1151 757 1202 etatem
771 1133 925 1225 permeufir
938 1131 1014 1218 die,

555 1226 628 1318 Post
642 1231 782 1322 Luciferi
798 1247 876 1297 nata
892 1247 1011 1298 meatur

555 1328 649 1396 Ante
666 1328 830 1426 Hesperios
844 1325 959 1394 occidit
974 1342 1066 1395 ortus.
1094 1325 1271 1398 senetur.

409 1426 534 1524 Speura
548 1419 664 1494 horum
679 1413 868 1519 Spartorum
878 1424 911 1492 in
926 1421 987 1493 hoc
1005 1423 1096 1507 loco,
1123 1420 1179 1492 ubi
1197 1420 1314 1494 mutuis
1328 1419 1465 1496 cecidere
1482 1417 1679 1509 vulneribus„

408 1525 517 1619 sapius
523 1515 628 1617 postea
645 1543 789 1615 apparere
798 1519 904 1603 solita,
922 1546 959 1592 ex
969 1523 1068 1590 Statio
1076 1516 1295 1618 cognoscimus
1305 1545 1320 1606 ·,
1346 1523 1422 1618 qui,
1439 1545 1550 1594 eorum
1558 1523 1676 1594 animae

409 1615 569 1694 aTiresto
588 1616 756 1715 aliquando
771 1639 932 1701 evocatas,
950 1615 1023 1688 alibi
1037 1615 1152 1688 scribit.
1437 1676 1439 1684 .
1578 1675 1581 1684 ,

459 1720 613 1813 Quinque
629 1735 733 1784 autem
751 1717 814 1800 illi,
839 1739 921 1811 quos
936 1715 1015 1804 jullu
1030 1715 1181 1789 Minerva
1200 1713 1339 1786 Cadmus
1354 1711 1555 1810 superstites,
1581 1739 1677 1816 atque

409 1817 499 1892 vivos
515 1811 700 1895 servaverat,
724 1807 850 1882 fuerunt
865 1809 1010 1896 Echion,
1036 1812 1146 1898 Polou,
1163 1815 1373 1907 Hyperenor,
1392 1811 1531 1900 Udaeus,
1548 1814 1677 1887 Chtho-

408 1915 499 1998 nius,
525 1914 572 1982 uti
587 1911 791 1980 nominintur
807 1907 847 1978 ab
869 1909 1056 1993 Hellanico‚
1082 1908 1282 2003 Pherecyde,
1306 1911 1538 2006 Apollodoro,
1565 1910 1678 1988 Pausa-
1784 1978 1785 1981 ,

407 2008 483 2096 nia,
509 2009 668 2106 Hygino,
693 2005 815 2106 joanne
840 2008 984 2091 Tzetze,
1009 2007 1174 2078 Ladiantio
1200 2007 1352 2094 Placido,
1378 2032 1559 2106 quanquam
1584 2009 1678 2104 hujus
1783 2085 1784 2090 ,

407 2104 501 2184 verba
522 2107 556 2176 in
580 2104 717 2176 editione
742 2107 888 2176 Romana
911 2104 1003 2175 Anni
1030 2124 1132 2198 1475.
1160 2107 1193 2176 in
1219 2101 1330 2193 folio,
1356 2113 1390 2178 δι
1408 2103 1565 2180 Parilienfi
1582 2112 1676 2182 Auni

410 2211 512 2276 1600.
530 2222 675 2296 tonupte
690 2203 843 2302 leguntur.
894 2204 970 2273 Hos
986 2203 1128 2299 quinque
1142 2199 1319 2298 superstites
1333 2207 1458 2298 Spartos
1474 2203 1615 2294 Cadmus
1622 2201 1677 2276 so-

406 2301 742 2498 {ihsbiriglpohdidtom
766 2299 804 2372 ad
827 2296 955 2371 Thebas
972 2298 1147 2372 condendae
1166 2298 1301 2388 habuit,
1325 2301 1413 2399 quod
1431 2300 1581 2374 sexcentis
1595 2306 1677 2376 locit

552 2498 626 2564 Hos
640 2499 737 2589 operis
750 2495 875 2563 comites
890 2491 996 2564 habuit
1020 2491 1167 2563 Sidonius
1180 2492 1295 2594 hospes,

555 2599 634 2662 Cum
646 2592 742 2690 posint
748 2591 860 2688 juffim
875 2589 1008 2660 Pholus
1018 2590 1147 2683 fortibus
1161 2592 1264 2664 urbem
1269 2623 1280 2681 3

406 2685 507 2762 ovid.
515 2688 538 2756 l.
549 2710 576 2756 r.
594 2688 698 2784 Julius
714 2691 799 2757 enim
813 2707 877 2756 erat
895 2685 1036 2759 Cadmus
1048 2687 1092 2760 ab
1107 2693 1235 2762 oraculo
1252 2689 1363 2764 urbem
1379 2691 1597 2781 condere,uhi
1614 2692 1677 2769 bos

407 2786 459 2858 illa
483 2781 718 2882 procuhuillet,
743 2783 832 2882 quod
856 2808 932 2855 cum
953 2779 1035 2854 hisce
1050 2786 1140 2857 sociis
1158 2786 1344 2885 exsequitur.
1381 2789 1480 2862 Unde
1494 2789 1640 2862 Thebani
1656 2821 1676 2867 a

408 2883 535 2954 Cadmo
559 2882 720 2954 conditore
737 2882 888 2954 dicuntur
912 2881 1075 2970 Cadmei,
1099 2888 1281 2982 Agenorei,
1308 2889 1429 2980 Tyrii,
1455 2889 1576 2960 Sidonii
1592 2892 1677 2988 apud

405 2986 520 3055 Poetae
537 2977 655 3076 pallum.
698 2982 779 3051 Sunt
793 2999 916 3068 tamen,
942 2981 1083 3077 quinon
1099 2981 1229 3058 Thebas
1246 3036 1256 3071 ,
1281 2980 1331 3055 sed
1347 2983 1443 3056 solam
1466 2985 1642 3060 Cadmeam
1658 3017 1678 3064 a

404 3078 533 3154 Cadmo
549 3078 707 3150 conditam
723 3074 868 3149 scribunt
920 3076 1073 3150 Ceterum
1088 3077 1236 3153 Thebani
1252 3135 1264 3169 ,
1289 3103 1325 3154 ut
1339 3108 1358 3152 a
1372 3083 1524 3172 Cadmo,
1549 3083 1592 3158 stc
1607 3111 1676 3162 non

404 3179 542 3248 minuta
558 3177 690 3271 Spartis,
717 3175 834 3249 Cadmi
848 3173 954 3262 sociis,
972 3180 1069 3250 vanas
1083 3179 1164 3249 nadli
1182 3175 1253 3250 sunt
1268 3179 1498 3277 appellatione&
1533 3186 1678 3280 Σπιρτδς

403 3269 482 3346 nerle
497 3271 644 3346 dicuntur
658 3273 862 3370 Lycophroni
878 3280 913 3342 iu
935 3275 1102 3366 Cassandra
1117 3327 1129 3361 ,
1159 3274 1216 3347 ubi
1241 3275 1423 3350 Sdtoliaster
1438 3281 1581 3376 anagnie
1596 3282 1677 3361 uude

403 3375 471 3440 deu
493 3366 518 3439 h
533 3371 681 3456 dicatae,
705 3373 856 3444 nimirum
873 3393 1001 3468 propter
1024 3375 1150 3470 spartos
1167 3371 1312 3462 nostros,
1337 3380 1371 3462 ιξ
1390 3373 1452 3464 ὃν,
1487 3379 1526 3454 ὅς
1547 3387 1675 3471 ouh,

402 3467 431 3539 dr
446 3469 571 3546 Sussau'u
591 3466 805 3558 κατάγοντας,
831 3469 987 3565 aquibus,
1011 3490 1045 3545 ul
1056 3472 1182 3566 saum,
1208 3474 1349 3546 Thebam‘
1359 3473 1558 3569 daffendal,
1583 3500 1621 3554 ut
1628 3481 1676 3555 ait

402 3566 487 3640 idem
504 3563 695 3638 Scholiastes.
729 3568 894 3638 Dicuntur
909 3569 1022 3657 etiam,
1049 3579 1205 3661 Σπαρτοὶ,
1228 3577 1262 3644 &
1277 3574 1399 3644 ὀδόντων
1414 3570 1515 3664 doner
1530 3582 1676 3668 ἐξηνδρα-
1806 3631 1807 3640 ,

403 3657 487 3755 pilu
504 3663 592 3768 φά
603 3661 801 3760 Euripidem.
851 3663 1005 3756 Δράκοντα
1022 3691 1154 3768 quoque
1170 3667 1342 3768 Sophoeloe
1360 3676 1528 3774 Antigona
1541 3675 1676 3753 Theba-

402 3785 481 3836 num
500 3787 538 3857 ap
561 3762 640 3832 ellat.
670 3758 732 3832 nini
748 3769 787 3831 τὲ
804 3761 982 3855 optinere&
996 3766 1049 3840 etit
1065 3767 1187 3844 licant
1212 3776 1325 3857 δηλοῖ,
1350 3771 1413 3844 inei
1429 3784 1676 3868 Δρακοντογινᾶς

400 3863 488 3946 εἰσιν,
549 3859 596 3930 dit
613 3856 805 3950 scholiastae
832 3865 1024 3963 Angut'genae
1040 3863 1191 3948 mortue
1202 3865 1334 3954 Ouffl‘u
1368 3870 1520 3980 Ophion&
1534 3877 1672 3964 senem,
1806 3879 1807 3896 ²

1576 3975 1673 4047 Dra-
