3624 4736
390 211 471 296 262
556 198 1490 320 JournwruonrrurDrArnran

388 349 476 420 Cum
490 350 524 419 in
541 346 602 417 hoc
616 342 785 442 Epiphanii
795 345 1011 415 aulloritatem
1027 337 1120 410 flocci
1135 335 1227 410 saciat
1238 359 1270 433 p.
1283 347 1362 434 366.
1380 337 1548 437 quomodo
1558 341 1590 412 in
1600 341 1656 413 illo
1798 371 1800 398 =

390 447 518 517 eandem
549 441 766 514 commendare
789 439 919 537 potest?
951 448 1051 511 Porro
1077 439 1151 509 dicit
1176 440 1342 534 Longius,
1376 436 1505 507 Arabia
1532 461 1657 536 partem

393 543 551 641 quandam
569 539 681 636 Judaeae
693 541 735 610 ad
751 542 910 608 Orientem
924 539 1014 628 fitam
1027 538 1131 632 fuiffis,
1150 537 1227 626 ¹ficut
1238 539 1365 604 Tacitus
1375 532 1459 606 Hist.
1471 539 1514 607 V.
1523 543 1580 610 air.
1608 542 1657 608 At

394 641 417 712 sa
438 667 505 738 pars
522 637 626 710 saltem
641 637 780 735 quaedam
797 634 920 708 Arabiae
942 633 1079 728 judeam
1095 629 1134 701 ab
1151 653 1224 704 orm
1241 631 1437 728 respiciebat,
1463 657 1532 730 pars
1547 635 1656 732 utiquc

391 740 450 809 clia
466 763 533 807 non
551 739 635 808 item.
687 737 783 804 Certe
808 732 902 818 Saba,
929 734 1035 827 potior
1051 755 1119 828 pars
1140 728 1282 813 Arabiae,
1309 727 1421 827 Judnae
1438 735 1474 801 ad
1491 731 1656 806 Orientem

394 833 448 905 sna
463 859 528 904 non
545 855 626 918 erat,
653 855 725 902 curn
740 838 806 921 ejus
820 833 971 926 Reginam
985 820 1026 898 {ri
1042 826 1158 919 Austro
1175 828 1367 917 venisfedicat
1377 824 1521 898 Christus
1532 828 1655 900 March.
1796 869 1801 894 .-

395 935 543 1026 XII.42.
571 935 649 1000 Luc.
666 931 791 1016 XI.3r.
834 926 932 1000 Unde
952 946 1055 997 autem
1073 926 1164 995 novit
1177 927 1332 1022 Langius,
1358 947 1427 994 eam
1442 923 1567 995 Arabiae
1585 953 1657 1022 par·
1799 995 1801 1014 ἰ

394 1051 477 1114 tem,
505 1053 574 1126 quer
590 1027 704 1124 Judaeis
720 1026 889 1098 Orientalis
905 1043 986 1109 erat,
1012 1020 1034 1091 st
1052 1045 1121 1120 φιτ
1142 1043 1220 1107 crat,
1247 1023 1361 1118 Magos
1378 1019 1542 1093 habuisse?
1573 1027 1605 1093 Si
1623 1023 1655 1095 id

396 1125 436 1197 de
451 1150 548 1223 regno
566 1122 691 1196 Arabia
707 1119 872 1194 universam
889 1117 1014 1216 sumpto
1028 1116 1152 1215 probari
1165 1118 1281 1214 pollet,
1291 1119 1394 1216 (quod
1404 1139 1506 1190 tamen
1519 1145 1585 1190 non
1595 1145 1656 1217 po.

403 1222 474 1306 test)
493 1247 559 1292 non
579 1221 650 1293 ideo
666 1217 860 1318 sequeretur,
877 1218 916 1290 de
932 1216 1059 1314 fingulis
1075 1218 1163 1310 regni
1184 1216 1323 1311 partibus
1339 1216 1370 1286 id
1384 1241 1491 1287 verum
1508 1215 1574 1290 else.
1608 1219 1659 1292 sic
1794 1266 1801 1309 ;

397 1319 537 1402 sidicas,
563 1319 766 1388 Germaniam
781 1315 891 1386 habere
908 1314 1065 1384 Eledlorcs
1080 1315 1258 1408 Principes,
1284 1339 1391 1385 veruna
1406 1315 1500 1386 dicis:
1526 1311 1659 1388 atsrstn·
1795 1328 1801 1388 l

396 1419 484 1512 gulas
499 1423 564 1506 ejus
581 1437 699 1513 partes,
724 1434 760 1495 ut
778 1411 944 1500 Alsatiarn,
970 1409 1126 1495 Haffiam,
1152 1412 1312 1482 Ducatum
1331 1411 1659 1510 Wurtenbergicum,

398 1511 557 1586 Austriam
567 1565 577 1598 ,
604 1509 740 1584 Silestam
758 1517 819 1581 ἃς.
840 1508 950 1580 habete
967 1507 1126 1578 Electores
1142 1509 1299 1604 Principes
1316 1508 1418 1592 dicas,
1443 1506 1565 1580 falleris.
1616 1512 1659 1582 Et

394 1632 502 1682 tamen
519 1607 565 1680 hae
582 1612 724 1707 regiones
740 1608 915 1679 Orientales
932 1605 992 1676 esse
1015 1601 1139 1701 possunt
1157 1603 1339 1701 quibusdam
1358 1607 1510 1702 populis,
1543 1605 1658 1704 quibus
1801 1631 1802 1636 ’

395 1731 529 1792 cetere,
556 1731 625 1804 φιτ
641 1703 838 1776 Εῑεᾶοιίἱιιιε
855 1701 1030 1793 subjacent,
1046 1727 1111 1774 non
1121 1695 1384 1773 suntOrientalcs.
1412 1705 1511 1792 Quod
1520 1705 1661 1775 aitGro-

396 1808 461 1875 rius
479 1857 489 1889 ,
522 1804 649 1900 Judaeos
666 1800 827 1874 Arabiam
843 1821 877 1872 ut
887 1799 947 1898 fibi
961 1797 1001 1871 ab
1016 1819 1082 1869 artu
1099 1799 1228 1895 adfinem
1245 1807 1367 1869 nomine
1384 1806 1538 1870 ἀνατολῶν
1555 1805 1660 1901 appel-

398 1905 486 1994 iaffe,
512 1899 541 1971 id
558 1901 644 1981 loca,
669 1923 739 1998 quae
753 1899 880 1997 allegat,
905 1923 970 1970 non
988 1895 1172 1968 conficiunt.
1206 1901 1335 1970 Horum
1351 1901 1436 1970 enim
1452 1900 1590 1997 quaedam
1608 1905 1659 1972 A·

399 1997 516 2072 rabiam
540 1999 628 2093 plane
646 2021 711 2068 non
728 1996 910 2094 indigitant,
937 1994 1076 2092 quaedam
1093 1996 1131 2066 de
1151 2019 1186 2063 ea
1201 1992 1306 2066 saltem
1320 1993 1445 2067 Arabiae
1460 2019 1565 2092 parte,
1590 2022 1661 2094 quae

401 2096 532 2188 Deserta
543 2096 674 2178 dicitur,
700 2101 734 2165 &
749 2094 827 2164 olim
840 2091 993 2165 sacrorum
1010 2097 1053 2166 V.
1069 2095 1113 2162 T.
1125 2093 1319 2187 Scriptorum
1328 2093 1663 2190 temporeArabiaevix

400 2189 635 2282 accensebatur,
660 2193 670 2262 l
717 2213 850 2274 uumur,
878 2189 1017 2289 quaedam
1034 2186 1122 2259 simul
1136 2189 1174 2259 de
1188 2191 1270 2276 oris,
1296 2215 1366 2286 quae
1382 2211 1462 2261 trans
1472 2192 1663 2289 Euphratem

401 2292 593 2390 Tigrimque
620 2217 790 2375 srtaeosunt,
817 2287 1014 2386 intelligenda
1032 2288 1171 2357 renuant.
1224 2289 1371 2358 Tandem
1394 2310 1484 2387 urget
1506 2293 1662 2390 Longius,

398 2393 522 2485 Magos
532 2391 633 2483 fecum
649 2386 730 2457 dana
754 2383 902 2458 Arabica
918 2386 1070 2481 attulisse,
1096 2407 1224 2467 aarum,
1248 2385 1316 2456 thus
1335 2399 1382 2456 Ψ
1397 2385 1563 2485 myrrham
1605 2389 1663 2461 Sed

285 2491 287 2496 ’
400 2484 460 2558 sant
478 2483 623 2558 Arabica.
666 2491 724 2582 An
737 2482 808 2554 inde
821 2482 969 2554 concludi
986 2477 1106 2577 potest,
1132 2507 1167 2552 ea
1184 2505 1249 2552 non
1266 2489 1301 2554 δι
1318 2479 1406 2554 fuiffe
1418 2485 1544 2556 aliarum
1559 2489 1664 2583 regio-

401 2608 497 2667 num,
521 2601 559 2650 ut
573 2579 679 2652 Perfiae
695 2580 743 2653 vel
758 2581 903 2651 alterius?
930 2579 1026 2649 Certe
1041 2603 1112 2649 mos
1127 2581 1231 2676 Reges
1246 2605 1318 2650 etun
1334 2580 1427 2650 donis
1443 2582 1575 2655 adetmdi
1583 2583 1665 2678 apud

401 2681 506 2750 nullos
520 2677 729 2749 Orientalium
768 2678 881 2774 opulos
899 2679 1015 2774 tnagis,
1041 2700 1135 2772 quam
1149 2676 1229 2772 apud
1249 2673 1349 2748 Persas
1363 2676 1666 2778 eorumqucsucces·

403 2774 486 2849 sores
508 2772 656 2861 Parthos,
682 2701 868 2870 conspicuus
882 2771 945 2859 est,
971 2798 1005 2843 ac
1023 2768 1105 2843 fama
1120 2776 1326 2870 pervulgatus.
1369 2779 1405 2869 Si
1421 2777 1470 2848 vel
1487 2775 1550 2873 ipsa
1564 2774 1665 2849 Persia

403 2875 468 2948 hac
483 2876 567 2947 dona
579 2897 648 2944 non
662 2870 823 2962 habuerit,
851 2891 965 2942 annon
980 2895 998 2940 e
1013 2872 1123 2941 vicinis
1141 2897 1174 2941 ca
1193 2869 1250 2941 fibi
1264 2896 1439 2968 comparare
1455 2897 1585 2972 potuere
1594 2875 1669 2947 Ma·

401 2976 466 3072 gi,
482 2997 551 3073 qur
567 2967 803 3068 praestantiffima
819 2975 853 3040 δι
868 2965 976 3039 oblatu
994 2966 1169 3065 dignilltma
1185 2967 1320 3040 arbitrati
1335 2970 1427 3041 sunt?
1453 2973 1558 3046 Etiam
1566 2976 1670 3045 exoti-
1802 3037 1803 3044 p

402 3073 448 3143 cis
465 3076 565 3160 majus
581 3065 645 3140 fere
666 3069 802 3167 pretium
818 3063 978 3154 statuitur,
1006 3089 1100 3164 quam
1122 3065 1317 3154 domesticis,
1343 3073 1378 3138 dc
1399 3069 1479 3164 apud
1501 3095 1560 3141 nos
1577 3072 1667 3143 natis.

406 3173 479 3240 Aut
493 3193 571 3240 num
585 3167 784 3238 Nicodemus
800 3165 871 3236 idco
887 3189 925 3235 ex
939 3161 1056 3235 Arabia
1071 3161 1182 3237 venisse
1192 3165 1357 3251 dicendus,
1385 3167 1621 3263 quiamyndum
1630 3167 1667 3241 ad
1802 3249 1803 3252 Ἴ

308 3319 310 3322 -
403 3262 614 3360 sepeliendum
637 3263 799 3338 Christum
816 3264 917 3335 attulit
935 3263 1054 3357 Johan.
1075 3267 1164 3332 XIX.
1179 3287 1233 3359 39.
1258 3263 1395 3335 Grotius
1410 3263 1454 3333 ad
1477 3267 1600 3336 Marah.
1617 3271 1667 3338 II.

411 3383 478 3448 ιι,
489 3358 663 3448 dirimebat
678 3387 739 3436 non
751 3367 813 3474 ms'.
824 3362 907 3462 apud
928 3359 1042 3431 Salaros
1058 3358 1207 3431 Arabum
1223 3367 1393 3460 portionem
1407 3363 1499 3446 nasci.
1525 3364 1671 3434 Conclu-

400 3457 540 3533 dendum
557 3459 662 3556 itaque
680 3457 753 3529 hinc
770 3479 854 3544 ent,
886 3462 1002 3557 Magos
1017 3483 1035 3528 c
1052 3455 1163 3528 Sabanis
1178 3457 1314 3545 venisse,
1348 3456 1371 3528 fi
1388 3460 1460 3530 alias
1482 3483 1669 3561 argumento
1802 3447 1803 3504 ἕ

401 3557 516 3629 Grotii
533 3579 567 3628 ac
584 3557 696 3651 Langii
711 3557 773 3626 ulla
786 3556 832 3629 vis
847 3555 934 3628 inest.
970 3561 1019 3628 At
1034 3555 1075 3628 fic
1083 3553 1244 3655 sequetur,
1270 3582 1337 3628 non
1346 3555 1545 3645 abOriente,
1571 3556 1672 3632 sedas>
1802 3561 1803 3632 l

403 3653 526 3728 Austro
541 3649 654 3728 venisse
673 3653 808 3751 Magos,
832 3677 907 3726 cum
925 3653 1003 3726 Saba
1016 3654 1132 3753 Judaeis
1148 3655 1283 3731 australis
1297 3654 1351 3741 srt,
1377 3645 1464 3755 quod
1482 3659 1672 3756 Scriptum

403 3753 555 3827 diametro
572 3747 750 3830 adversatam
799 3757 837 3823 ln
857 3749 999 3824 Historia
1015 3757 1190 3846 Saracenica
1207 3754 1247 3826 ab
1269 3755 1411 3852 Erpenio
1427 3755 1506 3826 edita
1523 3755 1674 3828 dicuntur

399 3852 628 3948 primorum,
655 3871 723 3948 quo
746 3847 920 3926 Malaomed
938 3852 1122 3949 religionem
1144 3849 1229 3925 suana
1246 3855 1280 3931 in
1297 3851 1459 3951 publicum
1475 3849 1675 4024 prof‘erelaapt³
