3658 4728
401 212 1256 324 Ηιετοιιιοο-Τιιιεοιοοιοιι.Ι
1356 245 1435 336 29¹

153 357 225 460 fian
240 374 289 437 (7
304 357 357 433 die
372 364 454 433 Salis
467 386 484 431 t
497 366 626 433 mortuis
636 361 813 456 fieseiraetum
829 364 900 459 effe,
925 359 996 435 sane
1012 387 1080 435 non
1098 366 1211 452 tertio,
1245 359 1296 436 sed
1323 387 1439 464 quarto

161 457 231 548 die,
256 457 329 559 post
344 458 517 558 passionem
534 457 697 532 Christum
715 457 905 536 resturertille
921 457 1075 560 sequenar.
1112 465 1183 535 Sive
1199 464 1283 534 enim
1301 461 1366 534 dies
1381 489 1438 536 na-

162 562 291 645 turales,
316 557 379 630 sne
400 560 526 644 civiles,
551 559 756 644 intellexeris,
782 561 924 648 (tertium
950 581 1053 630 autem
1071 558 1116 631 fin
1140 561 1291 660 inequit)
1331 561 1437 636 erinde

162 659 230 728 erit.
264 659 297 727 Si
323 657 472 728 naturales
490 655 587 742 velis,
613 654 677 726 dies
693 655 799 754 jovis,
826 681 893 756 quo
911 679 1054 728 mortuus
1068 585 1140 728 &s
1172 660 1257 729 ultus
1337 656 1436 731 Chri·

163 752 228 825 stus
243 759 327 846 juxta
340 757 517 852 Langium,
541 750 585 822 est
602 757 741 849 primus,
765 756 900 824 Veneris
917 753 1083 840 secundus,
1110 758 1147 825 Sa
1171 754 1236 850 bati
1246 757 1373 841 tertius,
1399 764 1434 830 dt

165 853 247 940 ¹Solis
268 851 414 939 demum,
441 857 528 946 cujus
553 850 695 921 diluculo
718 853 751 922 in
777 852 879 922 lucem
903 851 1020 948 prodiit
1036 855 1197 938 Servator,
1223 874 1352 950 quartus
1366 857 1433 927 etit.

167 950 224 1020 Sin
239 949 343 1025 civiles
357 948 409 1021 seu
426 948 598 1039 νυχθήμερα
615 949 720 1034 malis,
747 967 794 1019 res
808 949 920 1020 eodem
928 948 1052 1021 recidet.
1078 951 1220 1020 Primum
1239 952 1325 1020 enim
1334 957 1439 1040 impe·

166 1043 342 1118 rdenorerit
350 1047 429 1119 istud
436 1045 518 1120 feriae
526 1048 818 1145 quintaeantecujus
829 1043 1056 1131 finem‚duabus
1065 1049 1185 1118 circiter
1193 1045 1438 1134 boris,Christua

167 1149 382 1230 tennerlan
406 1147 428 1217 ii
438 1167 552 1230 mente,
562 1140 783 1226 mandatusest.
795 1143 869 1214 Alia
878 1143 1168 1235 enimrvxdiptpu,
1187 1169 1360 1243 quamque
1370 1171 1439 1220 tum

165 1240 282 1339 Judaeis
306 1245 339 1314 in
354 1171 410 1314 usi
423 1263 525 1328 erant,
549 1263 663 1336 nempe
680 1264 750 1338 quae
767 1267 785 1309 a
802 1237 923 1337 vespera
940 1239 1078 1328 inibant,
1103 1249 1137 1313 &
1156 1243 1189 1312 in
1207 1237 1361 1340 vesperam
1380 1245 1439 1317 de·

26 1429 32 1442 ·
166 1337 325 1424 sinebant,
351 1342 400 1411 vel
424 1337 492 1435 ipso
516 1341 639 1435 Langio
664 1335 740 1408 teste
755 1339 778 1406 l.
793 1361 858 1411 1.e.
873 1363 902 1432 3.
921 1336 1001 1440 fingi
1017 1363 1083 1410 non
1100 1337 1233 1435 possunt.
1260 1343 1438 1414 Secundum

168 1439 228 1506 erit
244 1461 309 1506 nox
325 1445 359 1508 δι
376 1438 441 1509 dies
459 1431 543 1506 feriae
555 1437 654 1506 sextae.
688 1437 836 1505 Tertium
850 1431 944 1530 spatia
961 1437 1151 1508 nodiumum
1169 1461 1204 1506 ac
1222 1437 1372 1510 diumum
1391 1436 1440 1509 se-

169 1535 222 1603 riae
237 1528 373 1630 septimae
389 1531 441 1604 seu
454 1531 580 1604 Sabbati
594 1533 823 1628 complodiitur.
856 1539 1015 1624 Qtartum
1033 1533 1162 1604 demum
1176 1530 1221 1603 est
1236 1532 1311 1606 feria
1318 1539 1440 1608 alteriue

171 1626 373 1702 hebdomadis
395 1634 514 1728 prima,
540 1636 627 1720 cujus
641 1632 734 1700 nodie
751 1627 849 1700 fenne
863 1625 960 1726 elapsa
977 1628 1120 1701 Christus
1134 1633 1216 1701 circa
1232 1633 1403 1706 diluculum
1422 1659 1441 1707 e

179 1728 304 1798 tumulo
321 1728 451 1800 ernersrt
502 1734 628 1819 Quarto
644 1730 748 1824 itaque
764 1726 892 1798 demum
908 1753 924 1795 a
939 1725 1078 1823 paffione
1101 1727 1173 1817 die,
1198 1730 1445 1825 quomodocun-

174 1847 241 1922 que
257 1821 449 1912 issumatur,
474 1820 628 1897 surrexisse
644 1821 806 1894 Christum
822 1821 945 1920 putabit
958 1827 1107 1921 Langius.
1141 1831 1252 1922 Atque
1268 1825 1309 1898 stc
1326 1832 1442 1900 menti-

174 1941 246 1991 tum
269 1923 371 1995 credet
394 1926 607 2008 Servatorem,
634 1923 689 2020 qui
713 1941 763 1991 tot
786 1924 819 1992 in
841 1921 992 2010 lotitiam
1012 1920 1135 1996 anobis
1152 1921 1288 2022 allegatis
1304 1921 1334 1995 se
1350 1929 1444 1998 tertio

174 2017 227 2089 die
253 2017 324 2115 post
349 2042 483 2092 mortem
500 2017 740 2092 resurresturum
757 2015 873 2088 disertis
883 2016 987 2089 verbis
1002 2019 1127 2090 dixerat
1178 2021 1357 2093 Mentitum
1375 2049 1442 2094 cre-

176 2113 229 2185 det
242 2119 425 2214 Angelum,
451 2119 508 2216 qui
523 2119 605 2191 idem
622 2113 781 2186 clarilsrme
795 2119 1021 2212 pronunciavit.
1073 2117 1228 2188 Mentitus
1242 2119 1346 2192 credet
1362 2121 1444 2192 divi-

177 2207 319 2283 nissimos
340 2213 536 2310 Apostolos,
563 2215 620 2314 qui
642 2215 734 2284 toties
751 2237 881 2310 quoque
900 2210 1001 2310 ipsum
1016 2219 1055 2307 τῇ
1069 2215 1150 2308 τρίτῃ
1168 2219 1262 2303 ἡμέρῳ
1285 2215 1442 2289 resuscita·

178 2329 247 2380 tum
270 2308 327 2381 else
342 2311 574 2408 perhibuerunt.
625 2311 660 2382 0
674 2309 864 2381 horrendum
879 2315 913 2379 dt
932 2308 1146 2406 blasphemum
1162 2310 1322 2383 delirium!
1348 2319 1446 2412 AEgre

178 2405 211 2477 id
230 2405 308 2478 milri
327 2406 503 2504 persuadere
522 2408 659 2506 pulsem,
685 2410 809 2506 Langio
822 2407 882 2478 tale
897 2407 974 2505 quid
989 2433 1134 2507 unquam
1148 2410 1180 2478 in
1197 2431 1334 2480 mentem
1345 2409 1458 2508 venis-N

179 2501 229 2591 se,
254 2506 288 2574 ni
302 2503 362 2576 hoc
378 2505 604 2579 consectarium·
617 2533 653 2576 ex
669 2503 762 2601 ipsius
780 2506 933 2601 opinione
948 2501 1057 2600 sponte
1071 2503 1168 2577 liuere
1183 2503 1383 2579 manifestum
1400 2508 1448 2580 es-

179 2597 237 2671 set.
264 2607 309 2674 At
325 2604 400 2700 quid
418 2606 491 2676 dico
507 2601 752 2676 consedarium?
778 2600 845 2700 lpse
861 2605 999 2700 Langius
1013 2625 1045 2704 p.
1056 2609 1134 2703 383.
1153 2605 1255 2678 laudat
1271 2603 1447 2703 Theophili

182 2695 372 2770 Carsanenlis
389 2699 589 2785 sententiam,
614 2700 701 2798 quod
710 2699 1345 2800 disertisverbisqaartoposspaffionemdie
1353 2705 1454 2776 curu

172 2795 258 2892 stum
281 2799 462 2889 resurrexiffe
484 2801 600 2870 tradat.
640 2800 683 2868 Et
695 2823 788 2868 mox:
814 2795 1000 2892 Theophiliaer
1012 2809 1081 2870 enm
1101 2798 1243 2894 universi
1252 2799 1365 2897 synodo
1379 2808 1448 2872 exi-

174 2892 342 2992 stimavit,
370 2895 522 2983 Christum
539 2915 647 2994 quarto
661 2895 713 2964 die
728 2915 799 2965 ante
814 2899 1017 2966 Dominicum
1028 2899 1140 2996 pafficm
1156 2899 1215 2988 effe.
1267 2896 1449 2993 Computat

180 3015 314 3090 quoque
332 2997 392 3064 tv.
409 2992 485 3065 istos
500 2995 564 3066 dies
580 2992 640 3066 hoc
656 2993 773 3064 modo:
799 2999 858 3062 XI.
880 2994 955 3086 Kal.
974 3015 1149 3064 numeratur
1162 3014 1220 3089 pro
1237 3015 1313 3081 uno,
1338 2993 1391 3063 die
1405 2999 1448 3064 X.

176 3093 368 3258 {llll
382 3095 711 3286 idi'r'i‘e'issl’rs}
720 3091 1452 3290 l'llllllt'lnl?lllllgllsslll

180 3309 253 3353 rm
278 3283 318 3354 id·
338 3286 513 3374 existimare
538 3289 630 3357 illam
656 3285 876 3377 Ramsrnsem:
901 3289 977 3379 quin
989 3291 1090 3376 potius
1105 3309 1207 3355 omnes
1223 3287 1276 3354 illi
1289 3307 1450 3377 errarunt,

182 3385 240 3478 qui
247 3390 409 3548 pagpiores
422 3383 489 3500 dies
506 3390 598 3454 morti
615 3383 732 3478 Chresti
746 3381 925 3452 tribuerunt.
968 3383 1153 3549 §bertehcum
1169 3381 1233 3455 hec
1251 3384 1403 3482 legerem,
1452 3416 1455 3424 ⁴

357 3505 376 3547 u
579 3503 613 3549 nt
635 3507 671 3550 ue
685 3505 795 3564 coma,
818 3503 883 3548 vox
916 3503 986 3550 auca
1006 3506 1041 3549 us
1078 3509 1097 3550 ι
1119 3498 1144 3555 t.

183 3579 270 3666 Quis
288 3479 356 3652 hold
366 3503 415 3650 apbu
417 3481 497 3650 illd
498 3501 635 3650 sdrmuind
648 3574 819 3651 Christiani
835 3483 953 3648 nonien
970 3483 1122 3675 prefeld
1123 3573 1333 3674 exspectaret,
1359 3597 1396 3647 ut
1408 3577 1453 3649 ob

185 3672 289 3748 iitsana
315 3673 368 3746 fin
385 3676 504 3749 somnia
521 3675 617 3774 ipsam
632 3679 794 3749 veritatem
813 3727 824 3762 ,
849 3678 1043 3747 Servatortm
1060 3677 1233 3774 Optimum
1246 3676 1454 3766 Maximum,

187 3774 352 3871 Angelum
369 3773 593 3849 veracissimum
610 3772 771 3872 spiritum,
796 3779 831 3844 dt
847 3770 1023 3870 Apostolos
1039 3776 1175 3847 veritatis
1190 3769 1280 3842 testes
1297 3775 1389 3844 omni
1398 3801 1453 3845 tx-

187 3873 341 3968 teptione
359 3877 493 3968 majores
507 3875 683 3960 mendacii,
709 3871 812 3946 finon
826 3895 956 3970 aperte,
981 3869 1085 3945 saltem
1103 3872 1221 3957 tacite,
1242 3893 1373 3970 arguere
1387 3895 1461 3944 non¹

226 4007 230 4016 ·
874 3970 940 4042 00
968 3993 986 4040 2
1385 3991 1458 4040 true
