3580 4736
289 203 686 290 Hnuunuur
740 203 1161 290 Courruorr
1308 213 1387 324 169

165 343 201 412 Si
225 362 328 414 autem
354 339 601 437 Babyloniorum
626 335 751 412 historia
773 341 828 412 illo
846 366 999 412 annorum
1024 367 1157 414 numero
1174 337 1237 414 lirit
1252 342 1387 434 inclusa,

141 435 266 510 rosceto
283 436 393 512 falsum
410 436 453 509 est
462 491 472 524 ,
482 437 636 537 quidquid
654 435 714 510 five
729 434 868 522 alii,live
883 433 1013 508 Berosus
1028 439 1066 508 de
1074 464 1229 510 annorum
1240 442 1386 537 myriadi-

116 459 179 604 lus
197 534 398 608 mdiderunt.
431 539 554 608 Mirum
571 561 644 607 vero
660 533 682 604 fi
701 541 733 605 δι
751 533 951 629 Hipparchus
966 532 1147 607 testimonio
1162 535 1217 606 suo
1234 537 1389 634 probave-

115 632 158 798 ’ἐξ
173 632 326 800 appan
341 635 525 802 lssu‘ll
540 655 643 799 mil
657 627 1388 805 li32i¹¹³mdildl¹lli¹¹¹ns¹delil⁰²¹¹i

118 753 357 922 Hippmdlidlid
374 756 619 923 pitoditutiieelli.
633 753 741 895 qurte
751 782 880 910 indixit,
890 823 1019 920 perfecit
1028 755 1257 922 impmddirien
1267 757 1384 906 lveaiuiiu

123 917 364 996 ollmtationem
380 949 412 994 re
428 919 492 1018 ipsa
506 919 609 996 statim
629 917 822 994 confutante.
864 924 946 992 Scite
968 923 1096 994 Tullius
1113 949 1151 994 ex
1168 921 1315 998 sententia
1329 937 1389 1002 Pa-

119 1021 224 1106 naetii,
242 1017 410 1092 douiffini
435 1021 637 1095 Stoironam:
672 1019 765 1114 Quod
782 1019 869 1112 aiunt
885 1023 1108 1116 quadringenta
1127 1033 1175 1092 (ν’
1189 1021 1383 1122 septuaginta

120 1118 225 1186 millia
247 1142 397 1190 annornm
415 1123 447 1190 e'n
464 1113 678 1215 periclitandis
693 1114 941 1216 experiundisque
957 1120 1080 1215 pneris,
1108 1123 1279 1216 quicunqne
1296 1123 1387 1218 essenp

118 1218 207 1301 nati,
235 1211 417 1311 Babylonios
428 1215 568 1312 ροΜῙε,
586 1216 727 1306 fallunt:
748 1215 872 1308 fienim
890 1213 958 1310 esset
965 1213 1149 1307 fellitam
1161 1239 1222 1286 nen
1237 1215 1387 1315 effendess·

119 1327 204 1396 tem,
230 1318 383 1380 nerninem
400 1330 502 1380 antem
516 1308 657 1382 habentne
674 1309 844 1396 audonem,
857 1316 912 1405 qui
927 1330 981 1381 ant
987 1309 1066 1404 fieri
1080 1310 1184 1397 dinen,
1200 1334 1254 1382 ant
1261 1315 1386 1408 fnllnen

115 1406 203 1498 finer.
230 1407 266 1478 0
290 1409 373 1480 time.
407 1409 478 1499 Qui
494 1409 579 1478 enim
598 1431 706 1480 verum
722 1403 785 1492 lit,
819 1427 868 1476 tot
888 1432 1042 1478 annorum
1054 1411 1270 1504 experimento
1288 1410 1387 1484 Chal.

120 1503 204 1573 &os
227 1433 329 1574 illlizc
345 1503 540 1598 yeveunmnd
563 1501 715 1589 didicille,
741 1500 852 1574 lausus
873 1501 1000 1588 doceat,
1022 1529 1119 1576 omne
1137 1502 1200 1578 hoc
1212 1509 1310 1580 inanis
1327 1508 1385 1582 elle
1465 1518 1468 1526 ’

240 1607 254 1672 ?
287 1605 371 1672 Bene
387 1604 480 1674 etiam
496 1597 688 1675 phavorinus
704 1599 785 1698 apud
801 1599 946 1676 Gellium
962 1603 984 1673 l.
1002 1606 1055 1694 14ss
1069 1627 1096 1670 c.
1111 1626 1140 1674 1.
1177 1602 1388 1705 Defiip'le'nam

127 1701 141 1763 ι’
167 1724 221 1768 m
237 1697 445 1770 Chaldaeorum
461 1718 549 1770 tante
566 1697 720 1790 vetustatis
737 1721 796 1768 non
812 1697 885 1796 esde,
895 1717 1011 1793 quanta
1026 1698 1131 1768 videri
1146 1702 1275 1770 volum.-
1293 1726 1387 1810 neque

122 1797 341 1893 conprincipes
364 1799 550 1892 nullorefiyue
566 1797 614 1888 effe
634 1821 707 1890 qnos
728 1795 784 1891 ipss
798 1791 921 1885 serunt,
939 1791 994 1886 sed
1013 1793 1048 1864 id
1061 1793 1280 1895 prestn'giarnnr
1295 1821 1387 1898 atque

119 1888 301 1986 officiarum
309 1919 406 1992 genus
420 1912 602 1964 commentos
617 1893 666 1986 effe
677 1890 813 1962 homines
827 1891 1010 1982 aeruscatores
1028 1907 1075 1964 (9⁹
1084 1889 1184 1964 cibum
1193 1895 1387 1996 questumque

120 2013 160 2058 ex
177 1995 344 2062 mendaciis
362 2009 531 2088 captantes.
556 1985 624 2084 ipse
638 1993 731 2080 etiam
749 1986 913 2058 Diodorus
930 2013 1095 2060 numerum
1112 1991 1202 2070 illum
1211 2017 1364 2068 annorum
1373 2050 1386 2082 ‚

121 2083 240 2180 quibus
267 2086 405 2160 Chaldaei
429 2087 532 2163 dinem
547 2085 658 2159 mundi
675 2082 735 2163 sese
752 2079 1019 2156 observationibus
1034 2082 1166 2171 vacalle,
1190 2087 1276 2170 haud
1283 2092 1388 2182 secale

122 2183 225 2267 credi,
251 2181 431 2256 confitetur.
475 2191 576 2258 Porto
593 2177 616 2252 st
638 2181 759 2282 aliquot
776 2177 913 2250 millibus
928 2205 1104 2267 annorum,
1138 2208 1204 2253 non
1218 2187 1325 2258 multis
1341 2209 1389 2262 ta·.

124 2303 215 2364 men,
225 2279 370 2366 effluxis,
380 2279 417 2352 fit
435 2277 667 2354 duumuirum
684 2303 788 2350 rerum
803 2278 968 2362 omnium,
983 2301 1020 2346 ex
1029 2273 1175 2348 sententia
1184 2275 1388 2375 ipsorummet

124 2375 365 2464 Chaldarorum,
391 2379 448 2476 qui
463 2379 568 2474 potuit
584 2375 665 2472 apud
680 2373 870 2470 Babylonios
881 2369 944 2444 rlle
959 2375 1111 2446 memoria
1127 2395 1175 2446 tot
1192 2378 1387 2472 myriadum?

123 2469 273 2545 Profeuo
290 2475 339 2544 illa
356 2472 488 2548 univerfi
504 2475 637 2546 mutatio
652 2498 718 2544 non
734 2467 836 2567 potest
852 2495 918 2540 non
934 2469 1135 2542 oblivionem
1143 2475 1287 2544 omniun
1295 2477 1390 2550 indu-

125 2571 205 2640 cerr.
238 2574 349 2642 Taceo
366 2567 515 2644 Berosum
531 2569 633 2668 iplum
650 2567 798 2666 prodere,
823 2561 900 2636 falso
913 2569 1036 2660 indari,
1052 2569 1133 2666 apud
1141 2569 1330 2666 Babylonios
1336 2571 1391 2646 su⁴

127 2663 239 2764 purelle
261 2693 318 2763 per
335 2690 384 2738 tot
408 2671 562 2740 annorum
580 2665 727 2762 myriadas
750 2665 947 2756 dvaygnrpdr
968 2690 1071 2738 renun
1094 2664 1133 2737 ab
1149 2665 1226 2738 orbe
1244 2671 1387 2750 condito.

127 2769 210 2856 Quae
227 2759 295 2834 lane
308 2765 346 2836 de
362 2765 470 2837 numdi
486 2765 639 2838 creatione
655 2758 785 2848 dillerit,
810 2757 923 2834 fatetur
936 2761 1043 2835 deberi
1058 2764 1283 2836 narrationibus
1299 2769 1391 2842 Oan-

126 2863 196 2944 nis,
222 2863 277 2957 qui
292 2863 417 2960 aliquot
430 2860 557 2934 demum
574 2856 656 2931 visus
673 2855 710 2929 srt
726 2855 833 2932 seculis
848 2857 919 2954 poll
936 2883 1038 2930 rerum
1055 2862 1151 2931 initia.
1177 2860 1391 2935 Fabulolave·

126 2983 164 3028 ro
187 2958 238 3028 illa
252 2958 361 3030 omnia
376 2959 414 3030 de
431 2961 546 3030 Oanne
563 2955 641 3042 effe,
657 2957 707 3026 vel
722 2959 862 3054 AEgyptii
877 2955 1060 3042 docuerint3
1073 2981 1158 3028 *cum
1174 2958 1259 3028 enim
1267 2959 1327 3028 illis
1335 2957 1390 3030 ist-

129 3053 195 3126 hac
211 3051 378 3126 debuerint
394 3053 451 3128 elle
468 3081 508 3126 co
525 3056 666 3138 notiora,
685 3078 752 3150 quo
768 3055 929 3147 propiores
945 3049 1015 3124 sunt
1028 3051 1189 3148 Erythraeo
1203 3055 1393 3140 mari,unde

127 3151 277 3224 danonii
303 3152 379 3227 illud
395 3148 569 3224 monstrum
586 3146 729 3246 prodiille
744 3149 855 3219 volunt
871 3146 1060 3243 Babylonii,
1093 3151 1126 3218 in
1141 3151 1330 3248 AEgyptiacis
1343 3175 1391 3224 ta-

129 3274 205 3320 men
222 3252 438 3320 monumentis
454 3249 492 3322 de
508 3250 640 3327 Omne,
658 3252 691 3315 δι
708 3245 824 3334 traditis
840 3268 895 3339 per
908 3241 1008 3341 ipsum
1026 3246 1149 3320 mortali
1163 3249 1269 3347 generi
1277 3246 1393 3326 artibus

128 3371 164 3420 ac
180 3343 340 3438 lcirntiis,
352 3347 460 3442 ⁸altum
477 3342 522 3416 est
536 3344 700 3420 filmtium.
820 3399 824 3406 .
