3580 4736
401 206 481 312 146
597 183 1502 286 AnvuntnuruCnnouoroorcu

393 342 567 416 Medorum
581 367 663 440 reges
682 359 728 415 ω’
743 364 840 411 error
857 339 963 411 ordine
978 346 1101 440 exponit
1118 337 1274 410 Diodorus
1289 340 1432 409 uenus.-
1459 345 1506 409 r'te
1522 357 1556 408 ut
1571 364 1669 437 repre

395 463 448 514 eut
465 467 616 513 errorum
631 463 789 510 nemetum
806 444 906 510 alium
923 438 962 508 ab
976 438 1031 508 hec
1046 438 1191 528 placuere.
1218 437 1273 506 hoc
1284 439 1327 532 fit
1338 440 1492 532 iustarum
1517 456 1669 532 queem&

395 553 554 610 numerum
567 567 671 636 regum
688 556 735 610 (θ’
751 563 848 608 ceruus
866 541 939 638 ipsus
953 557 1109 636 conceptor
1128 533 1271 606 hedmere
1289 539 1514 626 deudipufive
1530 543 1668 616 reueri-

398 643 446 710 dec
457 639 601 733 lustu,
628 645 662 706 r'n
678 635 785 734 quibus
800 660 901 706 omues
920 655 1004 732 reges
1022 653 1070 706 (θ’
1084 633 1168 735 gesta
1186 657 1307 732 regum,
1321 653 1387 703 ram
1398 631 1569 704 Medorum
1576 660 1672 730 quaere

354 773 357 780 ·
399 743 577 830 Persarum,
584 735 727 832 perscribi
737 735 831 828 solita
845 731 980 831 perhibet
1001 734 1164 804 Diodorus.
1192 737 1301 830 Iraque
1317 729 1356 801 ab
1370 735 1435 802 illis
1451 731 1619 824 drftedere,
1630 731 1671 821 est

399 833 525 925 historie
535 831 727 930 prescribere.
754 835 859 902 Tanta
875 831 1025 901 nimirum
1041 827 1231 902 confidentia
1245 829 1279 901 ad
1292 851 1390 900 unum
1401 827 1538 901 Ctesram
1550 835 1670 914 droul·

400 953 450 1021 με
473 929 632 1003 Persarum
658 933 844 1020 jactitantem
861 951 1048 1026 provocare,
1074 951 1142 999 non
1160 924 1306 1024 profecto
1320 928 1469 1004 conuenit
1486 928 1531 999 illi
1547 924 1670 1001 senten-

404 1031 472 1116 tiae,
488 1029 584 1124 paulo
601 1049 672 1100 ante
686 1027 726 1099 ab
742 1027 852 1098 eodem
869 1027 1090 1124 pronunciata.

870 1242 1115 1327 CAPUT
1171 1246 1225 1328 ΙΙ.

431 1387 646 1496 Ctefianam
668 1385 877 1472 Medorum
897 1415 1016 1469 aeram
1042 1417 1066 1468 a
1087 1389 1283 1498 Scaligero
1303 1390 1402 1472 male
1419 1387 1474 1473 ud
1489 1386 1632 1474 Perir-

733 1500 824 1585 dum
844 1500 1052 1608 Julianum
1072 1505 1141 1603 effe
1157 1503 1350 1582 collatam.

474 1711 559 1780 Ntca
584 1735 656 1780 uam
673 1707 812 1780 Ctestam
829 1707 1040 1795 dimittamus,
1067 1707 1189 1780 videtur
1202 1710 1295 1778 etium
1311 1706 1543 1780 admonendum
1552 1708 1671 1806 aliquid

498 1806 536 1878 de
553 1734 603 1876 sliu
627 1805 777 1878 Ctesranae
796 1805 967 1877 Medorum
983 1828 1047 1877 aerae
1063 1805 1100 1877 od
1128 1807 1277 1899 lulianam
1297 1806 1466 1876 Periodum
1483 1807 1670 1895 collatione,

402 1927 498 2000 quam
515 1906 650 2002 Scaliger
666 1902 809 1976 instituit.
844 1906 955 1974 Finem
973 1929 1037 1992 epus
1053 1903 1186 1974 collocat
1202 1929 1287 1974 anno
1302 1913 1407 1997 4162.
1425 1906 1550 1974 initium
1562 1907 1667 2001 3841.

403 1999 567 2074 Neutrum
588 2001 782 2074 videturesse
800 1999 836 2072 ad
855 1999 967 2071 Ctesrae
983 2023 1128 2073 mentem.
1180 2003 1297 2100 Neque
1312 2002 1395 2072 enim
1413 1999 1533 2072 cresus
1550 2004 1670 2090 voluit,

403 2101 456 2183 (ut
469 2121 507 2166 ex
524 2100 675 2171 Diodoro
692 2099 806 2199 liquet)
824 2096 995 2198 Astyagem
1012 2101 1134 2200 aliquot
1149 2118 1248 2169 annos
1266 2123 1409 2169 unacum
1420 2099 1670 2196 Cytoregiapo-

402 2194 496 2265 titum
514 2193 603 2267 fuisse
619 2199 795 2294 dignitate:
829 2199 963 2296 Scaliger
979 2211 1082 2268 tamen
1101 2199 1209 2266 ultima
1231 2195 1376 2292 Astyagis
1397 2200 1525 2284 conjicit
1541 2221 1573 2266 rn
1591 2197 1669 2290 Cyri
1786 2257 1787 2260 ,

402 2316 519 2362 annum
539 2292 693 2366 uersuum
711 2291 866 2366 odarum.
917 2297 997 2364 Non
1022 2298 1097 2365 item
1119 2291 1238 2364 thsras
1256 2293 1385 2390 Astyagi
1400 2319 1497 2364 munos
1515 2293 1671 2391 adscripfit

400 2388 621 2488 quadraginta,
648 2394 734 2489 quod
753 2393 887 2489 Scaliger
902 2387 979 2462 fecit
995 2389 1057 2462 stne
1076 2393 1141 2461 ullo
1158 2389 1347 2462 testimonio.
1376 2392 1471 2461 Certe
1488 2416 1543 2488 per
1559 2391 1670 2473 estre-

401 2483 556 2573 rosrmile,
582 2513 599 2557 a
617 2486 721 2558 Cresia
736 2509 855 2558 tanturn
871 2515 961 2583 nuru.
979 2513 1078 2559 annos
1095 2487 1221 2588 Astyagi
1239 2491 1297 2558 elle
1312 2486 1493 2584 adsignatos.
1535 2492 1567 2559 Si
1586 2490 1669 2560 Cte-

401 2576 548 2652 statuero
570 2609 668 2654 annos
685 2583 830 2682 Astyagis
846 2611 913 2656 non
929 2587 1087 2681 protendit
1104 2588 1182 2657 ultra
1199 2589 1287 2658 initia
1305 2587 1399 2682 Cyri,
1427 2587 1529 2685 (quod
1548 2607 1666 2663 veteres

393 2677 435 2744 'in
452 2701 569 2751 annum
590 2703 604 2751 1
621 2682 816 2780 Olympiadis
834 2706 887 2756 nv.
907 2685 1082 2771 remittunt)
1098 2679 1148 2755 sed
1165 2687 1198 2754 in
1213 2687 1359 2781 proximo
1377 2685 1459 2754 illam
1477 2685 1668 2780 precedente

401 2776 572 2865 terminat,
602 2775 676 2849 finis
694 2782 815 2876 imperii
844 2780 1015 2851 Medorum
1029 2780 1197 2878 pertinebit
1214 2783 1250 2854 ad
1267 2807 1383 2853 annum
1398 2783 1521 2853 Periodi
1534 2780 1669 2878 Julianae

400 2894 445 2964 41
455 2893 469 2966 5
479 2898 507 2968 3.
535 2881 567 2946 A
585 2899 652 2974 quo
667 2875 801 2964 ejusdem
817 2880 904 2976 regni
919 2903 1072 2950 annonrm
1089 2879 1259 2967 summam,
1270 2903 1339 2978 que
1353 2875 1397 2950 est
1407 2876 1574 2951 secundum
1585 2880 1668 2949 Cte-

364 2995 365 2998 ’
399 2965 475 3040 siam
499 2993 619 3046 tantum
636 2999 750 3047 cccxvr
761 3001 789 3063 1,
814 2973 934 3046 stretro
950 2997 1132 3074 computes,
1158 2979 1282 3050 initium
1300 2978 1420 3051 Medici
1442 2979 1571 3073 Imperii
1585 2980 1669 3050 inci-

385 3063 448 3137 dit
464 3070 499 3140 in
516 3089 632 3142 annum
653 3075 755 3172 3837.

449 3167 541 3238 Latet
565 3195 650 3241 error
674 3175 786 3267 partim
813 3174 844 3242 in
865 3175 1007 3272 quinque
1022 3169 1223 3270 supposititiis
1240 3175 1383 3272 Astyagis
1400 3176 1507 3259 annis,
1533 3175 1667 3268 partim,

401 3266 435 3330 u
461 3265 590 3359 quidem
615 3268 810 3364 potiffimum
830 3271 863 3339 in
880 3295 939 3352 eo,
966 3271 1053 3370 quod
1074 3275 1210 3366 Scaliger
1226 3273 1298 3342 loco
1314 3268 1472 3342 certiffimi
1489 3276 1669 3369 argumenti
1727 3281 1730 3286 ’

400 3353 560 3447 habuerit,
588 3363 759 3459 Cparcaretn
782 3367 953 3438 Medorum
971 3371 1095 3465 Regem
1111 3366 1236 3466 coepisse
1251 3392 1334 3438 anno
1350 3367 1485 3440 secundo
1499 3369 1669 3464 Olympia-

399 3451 446 3526 dis
461 3454 597 3555 septima·
614 3461 779 3532 tricefimae.
807 3464 945 3549 Auum,
971 3467 1094 3565 inquit,
1120 3469 1143 3537 l.
1158 3493 1185 3562 3.
1201 3472 1315 3535 Cenon.
1332 3465 1446 3565 lfhgog.
1459 3487 1491 3560 p.
1505 3491 1520 3562 3
1533 3491 1584 3560 ¹4·
1601 3487 1669 3538 tuen

398 3553 438 3623 de
454 3556 565 3650 epoche
583 3561 650 3628 Beli
666 3579 757 3653 aeque
771 3557 889 3654 regibus
908 3563 1021 3633 Medis
1036 3566 1123 3662 ejice,
1149 3586 1214 3634 tum
1230 3572 1324 3632 etiam
1340 3564 1378 3633 de
1393 3562 1504 3656 epocha
1515 3563 1666 3654 Achaeis,

398 3657 458 3765 erist
471 3659 597 3726 initium
614 3662 765 3750 Cpcxarir
780 3655 973 3744 haberemur,
998 3687 1087 3756 quem
1101 3685 1183 3730 anno
1197 3662 1324 3754 secundo
1331 3661 1525 3760 Olympiadis
1533 3685 1661 3736 xxxrrt

396 3752 1669 3954 llll&llus.llllllsllfillli'f'ltlll‘lllllssl't:

1506 3959 1669 4054 piscinam.
