3624 4736
388 199 475 284 286
556 193 1487 314 Jorrrtu.WnununrutDrrnn'nnn
1593 280 1596 294 ‚

387 338 504 430 adsedit
525 335 582 429 sit,
607 341 669 418 sive
693 367 769 412 non.
818 342 907 412 Nam
923 339 946 412 si
964 342 1046 414 nude
1067 339 1134 414 stne
1151 339 1302 411 numerali
1325 359 1399 410 note
1417 345 1653 441 conjunguntur

382 434 455 507 inec
473 437 642 525 vocabula,
668 439 799 535 spatitun
816 435 880 551 fere
896 439 1024 536 aliquod
1046 442 1252 520 continuum,
1278 437 1412 509 veltaro
1435 433 1539 510 saitem
1555 442 1654 512 inter·

391 534 1652 731 sidit.‘fidissi‘dsdsiffsissgs‘sasss.s⁹ips3‘ss¹ffisffisfz

386 729 464 800 anus
488 733 575 800 nassa
593 756 631 800 ac
647 730 801 814 interdiu,
827 733 927 800 LXX.
946 734 1053 820 ἡμέρας
1067 729 1115 818 rei
1134 726 1245 812 redde,
1270 729 1292 797 i.
1309 750 1335 796 e.
1348 730 1474 822 semper.
1515 732 1547 799 Si
1564 735 1650 803 enim
1682 807 1685 812 ,

391 821 442 894 hic
456 825 578 898 divisim
594 826 733 899 sumendi
750 825 844 898 essent
856 826 921 895 dies
937 853 971 900 ac
984 827 1100 911 nosses,
1125 824 1214 924 quod
1228 843 1319 920 urget
1327 827 1480 921 Langius,
1507 823 1650 924 sequere-

383 940 443 990 ·tur
464 922 703 997 vicisfirudinem
719 927 796 994 lucis
813 947 848 992 ac
869 921 1063 995 tenebrarum
1081 947 1185 993 coram
1202 923 1302 990 oculis
1317 919 1430 991 divitiis
1445 919 1528 1006 esse,
1561 924 1650 1020 quod

390 1013 556 1090 absurdum
570 1019 632 1106 cst,
658 1031 692 1093 δι
709 1024 754 1091 D.
769 1017 891 1118 Jacobo
908 1018 1068 1114 adversum
1085 1019 1178 1120 Epist.
1194 1041 1220 1085 c.
1232 1021 1260 1100 I,
1276 1041 1328 1101 17.
1369 1019 1441 1087 Rex
1459 1023 1552 1089 Vates
1563 1021 1610 1114 Pfi
1616 1023 1647 1109 I,

378 1136 425 1183 ·2.
440 1118 640 1188 commendat
655 1119 757 1190 virum
773 1119 872 1214 legem
890 1119 956 1186 Dei
971 1119 1171 1190 meditantem
1186 1115 1272 1188 tanat
1284 1135 1346 1184 unu
1360 1117 1461 1186 LXX.
1480 1119 1585 1202 ἡμέρας
1601 1125 1649 1206 ’wi

395 1211 504 1293 rmsdc,
516 1216 538 1282 i.
554 1239 581 1284 e.
598 1213 721 1306 affiduo.
757 1221 794 1286 In
811 1216 857 1284 N.
867 1216 912 1284 T.
929 1217 1030 1284 Lucas
1044 1238 1070 1283 c.
1087 1217 1201 1304 II‚.37.
1220 1212 1259 1284 de
1274 1218 1371 1282 Anna
1388 1209 1576 1307 Prophetiffa
1591 1217 1653 1302 ait,

387 1309 532 1404 ‘quoddn
549 1313 668 1407 templo
685 1308 827 1382 manserit
843 1307 963 1388 enceinte
979 1312 1029 1401 Ui
1044 1309 1158 1386 desecet
1175 1306 1353 1400 accerseret
1369 1306 1511 1395 aazia&
1528 1315 1650 1400 ἡμέρωι.

377 1412 450 1478 :An
463 1405 514 1478 hic
528 1406 611 1478 dices
625 1412 744 1504 Longi,
770 1411 897 1479 noctem
912 1408 972 1480 diei
984 1409 1113 1478 naturali
1129 1405 1304 1502 oppositam
1319 1403 1394 1474 illud
1410 1400 1542 1500 spatium
1551 1405 1651 1480 deno-

376 1513 473 1589 ·tane,
501 1529 568 1599 quo
584 1507 637 1574 Sol
647 1501 750 1576 subter
765 1503 961 1576 horizontem
978 1501 1046 1574 est?
1072 1510 1271 1576 run-Annam
1287 1504 1380 1572 etiam
1391 1504 1503 1573 noces
1519 1507 1551 1574 in
1567 1525 1651 1576 tem-

377 1599 450 1691 ·plo
472 1603 589 1689 jejunio
613 1599 817 1698 precibusque
832 1601 960 1698 exegisse
976 1597 1129 1696 putabis?
1161 1601 1253 1668 Num
1271 1595 1353 1668 forte
1367 1599 1546 1671 Moniasem
1563 1626 1648 1686 eam,

376 1717 435 1765 »ac
443 1701 549 1794 jugem
565 1719 629 1766 tem
650 1699 673 1767 li
689 1700 843 1782 incolam,
868 1722 942 1768 cum
957 1699 1094 1768 Baronio
1108 1701 1142 1766 δι
1159 1693 1341 1793 sequacibus
1349 1689 1470 1764 facies?
1490 1697 1550 1768 Sed
1560 1695 1652 1770 ficri·

392 1789 512 1863 deberis
537 1821 554 1863 a
577 1795 608 1862 C
655 1792 789 1878 ubono,
822 1795 1025 1865 Montacutio
1042 1845 1052 1878 ‚
1078 1800 1112 1866 δι
1138 1813 1203 1862 tota
1226 1790 1488 1864 Ordrodoxorum
1512 1792 1652 1866 cohorte.

390 1892 508 1960 Praeter
522 1889 723 1960 affiduitnem
741 1889 796 1960 ista
809 1889 959 1990 loquendi
976 1889 1110 1962 formula
1126 1889 1203 1960 nihil
1211 1910 1308 1960 notat.
1333 1889 1650 1989 SicApoc.VII,15.

377 1985 498 2056 -Sanffi
512 1987 547 2055 in
560 1988 645 2058 coelo
661 1985 885 2082 triumphantes
903 1989 1051 2059 dicuntur.
1065 1983 1210 2080 renigrescit
1227 1993 1272 2076 τῷ
1289 1993 1360 2076 Θεῷ
1374 1989 1484 2074 spem
1498 1987 1545 2072 uqi
1563 1985 1653 2064 music

380 2084 430 2154 aa
442 2091 490 2170 ,τῷ
504 2092 566 2172 ναῷ
582 2086 675 2158 tart.
728 2087 822 2156 Num
839 2092 873 2154 δι
889 2084 940 2155 hic
962 2081 1137 2180 singillatim
1153 2083 1218 2154 dies
1234 2091 1268 2154 δι
1286 2080 1463 2179 fingisirtim
1478 2082 1586 2156 nostes
1601 2083 1653 2156 su-

387 2179 442 2250 mi
457 2175 595 2256 debent?
618 2185 674 2250 An
688 2183 817 2267 noctes,
841 2204 878 2251 ut
889 2179 999 2252 diebus
1015 2199 1240 2276 opponuntur,
1265 2182 1299 2250 in
1314 2179 1400 2249 coelo
1416 2177 1578 2251 beatorum
1595 2179 1651 2254 esse

376 2268 519 2346 uiseret?
544 2277 626 2347 Non
643 2279 776 2373 opinor,
802 2275 858 2348 nsi
881 2278 982 2348 eidem
1000 2275 1170 2366 &coneris-p
1186 2275 1324 2374 Johanni
1339 2277 1373 2346 in
1386 2300 1424 2345 os
1441 2279 1649 2350 contradicere

380 2373 491 2456 -vclis,
511 2369 620 2444 diserte
637 2376 730 2464 ajenti
743 2397 769 2444 c.
780 2377 873 2461 XXI,
886 2393 939 2468 25.
959 2371 1012 2458 vd}
1024 2379 1061 2443 ἐκ
1075 2374 1140 2446 sem
1154 2381 1219 2444 taes.
1270 2374 1361 2446 Plura
1378 2374 1519 2469 exempla
1536 2371 1649 2445 esacris

387 2466 504 2556 diteris,
529 2468 585 2540 ubi
603 2473 764 2542 innumera
779 2492 968 2558 occurrunt,
992 2470 1173 2567 depromere
1190 2468 1268 2540 nihii
1283 2471 1401 2539 attinet.
1428 2473 1506 2540 Satis
1521 2495 1576 2566 per
1588 2470 1651 2543 hzc

377 2566 562 2655 evicimus,
585 2565 655 2635 dier
671 2590 707 2636 ac
727 2566 824 2635 nasses
838 2563 915 2664 hpe
931 2568 995 2638 illas
1013 2571 1162 2662 temporis
1176 2589 1296 2662 partes,
1320 2563 1380 2636 srbi
1394 2567 1529 2642 invicem
1545 2565 1653 2639 succe-

378 2659 520 2748 dentes,
545 2687 612 2732 non
634 2662 797 2750 denotare,
823 2687 881 2734 nec
906 2687 1000 2734 voces
1020 2665 1086 2734 illas
1104 2669 1210 2756 ἡμέραν
1229 2671 1262 2734 &
1280 2662 1362 2732 adesa
1380 2657 1499 2759 semper
1512 2662 1653 2751 dirifim,

383 2751 445 2830 .sed
520 2757 618 2830 iffime
633 2761 846 2850 conjunstim,
871 2758 950 2830 sumi
963 2757 1079 2831 necesse
1092 2757 1158 2831 esse.
1201 2757 1372 2834 Vanissuna
1387 2762 1492 2856 itaque
1506 2757 1550 2830 est
1567 2765 1652 2833 Lan-

376 2856 439 2952 gii
495 2859 592 2944 ertio,
618 2856 706 2952 quod
720 2853 852 2925 dicabit
862 2858 1046 2953 fingislatr'm
1057 2857 1209 2928 &nosses
1215 2859 1398 2952 fingillaetr'nr
1405 2863 1507 2956 accipi
1515 2855 1651 2931 debeant.

323 3009 327 3016 -
379 2953 593 3028 -Probmdum
610 2954 641 3026 id
658 2949 714 3049 ipsr
730 2949 792 3023 fuit
806 2977 844 3022 ex
862 2955 994 3024 aliorum
1011 2955 1154 3026 locorum
1171 2954 1372 3036 inductione,
1389 2949 1524 3034 stsidcm
1532 2952 1591 3024 fibi
1599 2954 1654 3026 ha·

389 3047 566 3126 herivellet.
592 3056 688 3122 Atne
697 3053 826 3122 unicum
836 3049 962 3148 quidem
972 3051 1137 3147 produxit,
1162 3073 1199 3122 ut
1207 3046 1346 3147 supinam
1355 3049 1651 3138 ejusconfidentiam

378 3145 461 3222 satis
474 3150 649 3220 demirarin
691 3171 791 3219 ueam.
817 3149 1003 3244 Scripturae
1021 3149 1194 3246 Scriptura,
1219 3171 1286 3218 non
1302 3172 1320 3216 e
1337 3145 1451 3218 nosixir
1464 3144 1650 3224 somniisvel

377 3245 507 3318 delitiis
524 3247 662 3342 explican
683 3243 767 3316 aest
792 3246 890 3315 Dicet
903 3241 985 3316 forte
995 3265 1103 3314 notam
1111 3243 1302 3315 numeralem
1310 3239 1589 3333 discretivamesse,
1613 3269 1650 3316 ac

300 3412 304 3422 ,
379 3341 544 3429 indicare,
570 3341 656 3439 quod
671 3345 779 3415 nostes
794 3341 902 3413 diebus
910 3364 1016 3413 contra
1024 3337 1114 3413 distin
1138 3363 1258 3410 uanutr.
1285 3339 1345 3410 Sed
1353 3339 1650 3412 nechoctmicoex·

391 3437 643 3608 emplonpppbare
652 3442 790 3516 tentavit.
817 3439 1095 3514 Imoaveroasien'
1168 3435 1327 3528 umidest.
1353 3435 1651 3553 Jamenimiiquido

343 3609 344 3612 ,
378 3539 487 3613 demo
568 3533 688 3617 bimus,
704 3536 793 3632 quod
801 3535 1225 3622 dieracnodies,etiamcum
1233 3532 1403 3632 utrobique
1411 3561 1536 3607 numen
1544 3557 1652 3608 notam

234 3699 238 3704 .
379 3638 536 3729 ..adjectam
554 3629 685 3718 habent,
710 3657 778 3704 non
797 3631 862 3704 dies
878 3635 1027 3706 naturales
1043 3641 1079 3706 δι
1095 3635 1204 3704 noctes
1226 3634 1265 3704 iit
1281 3628 1440 3729 oppositas
1460 3632 1584 3706 divifim
1599 3627 1652 3704 seu

379 3735 587 3833 singillatim
612 3727 663 3802 sed
682 3729 748 3801 dies
765 3731 870 3804 civiles
883 3756 920 3801 ac
935 3729 1122 3823 νυχθήμερκ
1136 3733 1331 3821 conjmffim
1345 3727 1537 3826 srgnificent,
1563 3728 1652 3830 quod

389 3833 544 3930 Langiani
557 3829 731 3929 argumenti
745 3830 841 3904 aciem
857 3825 981 3926 prorsus
995 3829 1147 3906 retundet.
1179 3823 1315 3904 Paetscet
1328 3825 1539 3920 enimsituul,
1564 3824 1652 3939 quod
1683 3835 1684 3840 ’

382 3969 396 3988 ..
1617 3947 1653 3994 tn
