3580 4736
297 193 387 278 Du
445 191 580 278 Dro
636 190 1175 289 Euuovruttco.
1313 237 1389 327 ης

131 326 195 404 hrt
217 332 383 430 adpehatio
399 336 433 406 in
449 329 577 408 vetustis
594 328 743 428 rhythmis
772 331 998 423 Germanicis,
1033 337 1148 435 quibus
1173 343 1314 420 Ecclesrae
1339 349 1398 424 suh

130 428 343 502 Pontificibus
358 433 511 504 Romanis
524 428 636 502 statum
652 449 722 498 ante
739 426 797 498 hos
811 454 894 525 400.
905 457 1013 520 annos,
1025 439 1214 532 Imperatore
1232 441 1398 543 Philippo,

129 525 271 622 deplorat
294 525 483 600 Waltherus
500 542 563 604 boat
578 535 632 600 bet
648 524 880 618 Bugellut'tbtl
897 533 961 616 ejus
977 525 1133 604 familiaris
1153 545 1184 606 δι
1209 539 1399 614 confiliarius

127 619 337 710 domesticus,
355 625 495 696 laudante
511 623 608 694 Gold.
622 625 655 692 in
674 624 820 720 Kipipru
831 630 908 722 Imp.
919 647 945 693 c.
967 629 1020 698 28.
1045 630 1134 700 Hinc
1152 631 1273 728 adparet
1288 633 1399 712 falsum

125 719 162 884 ipa
178 723 356 794 narratione
371 721 410 794 de
427 723 513 820 Sttlt
530 718 753 793 Vandalotum.
780 717 837 790 Est
852 723 938 792 enim
954 747 989 792 ea
1005 748 1066 796 vox
1083 726 1247 818 adjesiiva,
1258 738 1291 802 ἃ
1303 733 1399 835 figni.

151 841 201 888 eat
218 843 252 888 m
291 846 352 890 am.

176 846 305 1013 Vulgus
322 920 356 987 in
373 915 560 1015 quibusdam
574 915 773 1001 franconia,
798 911 1001 1012 Thuringiae,
1027 919 1184 1003 Saxonis,
1211 921 1397 1028 Misniaeque
1414 939 1462 1011 D,

124 1011 269 1108 panibus
284 1012 462 1086 Diabolum
477 1013 608 1110 adpellat
621 1012 771 1110 ittqisetl
798 1009 944 1106 iussibtt:
978 1012 1124 1112 idemque
1148 1013 1216 1088 fieri
1239 1020 1278 1089 ab
1305 1031 1398 1100 ltaliae
1542 1031 1545 1038 '

125 1107 389 1202 provincialibus,
417 1136 434 1182 e
456 1111 625 1208 colloquiis
641 1112 769 1200 Traiani
783 1109 944 1180 ssoccalini
961 1107 1101 1204 adparet,
1129 1109 1192 1184 srne
1209 1115 1307 1188 dubio
1316 1122 1399 1194 arre.'

147 1226 184 1274 to
200 1205 242 1276 ab
259 1205 474 1293 Homiiiastis‚
485 1211 542 1305 qui
559 1203 743 1278 Luciferum
760 1231 778 1275 e
795 1207 872 1276 male
890 1205 1047 1276 inteilesio
1064 1232 1171 1278 comm.
1196 1233 1394 1315 12.cap.14.

123 1229 242 1391 hob,
267 1305 443 1378 imitatione
458 1303 647 1376 Graecorum
665 1304 914 1399 Latinommque
932 1311 1019 1391 (nam
1036 1311 1069 1374 δι
1086 1303 1200 1402 Jobius
1216 1309 1401 1388 Monachus

125 1399 328 1495 apuleae.
340 1405 587 1496 212.f.660.&
608 1397 720 1472 Bemh.
733 1403 830 1470 Hom.
844 1423 896 1485 17.
910 1405 942 1468 in
960 1405 1094 1498 Canu&
1104 1403 1181 1500 legis
1191 1405 1394 1484 Muhamme·

125 1494 210 1566 darre
225 1498 378 1570 Alcorani
394 1498 424 1571 d.
432 1499 650 1594 compilatores
665 1494 719 1566 hac
736 1493 960 1593 fignificatione
978 1495 1021 1568 usr
1037 1493 1130 1586 sunt.)
1139 1500 1320 1592 indigitant,
1330 1535 1394 1579 no-

124 1594 223 1664 mine.
271 1597 350 1666 Hoc
365 1597 458 1668 utrius
474 1597 567 1666 literar
584 1595 802 1664 immutatione
817 1595 851 1664 in
867 1589 1009 1689 Bndibtt
1025 1591 1116 1679 abiit,
1142 1617 1179 1666 ut
1196 1599 1322 1674 ridicula
1348 1604 1392 1678 est

127 1689 314 1790 plerumque
333 1689 422 1788 plebs
439 1692 522 1764 rudis
535 1715 571 1761 ac
584 1688 711 1788 simplex
726 1692 759 1758 in
775 1690 979 1786 exprimendis
986 1687 1159 1786 linguarum
1169 1695 1296 1766 aliarum
1305 1754 1314 1786 ,
1324 1727 1392 1774 rm.

128 1784 216 1856 xime
231 1791 364 1876 baanae,
392 1787 567 1862 vocabulis:
593 1785 643 1860 sed
658 1792 746 1880 eujus
767 1783 1003 1858 consuetudines
1028 1806 1131 1859 tamen
1149 1789 1252 1890 legem
1269 1789 1389 1872 fatiunt

107 2023 115 2038 ·
173 1982 458 2058 Nomenchturam
476 1983 716 2058 Cacodaemonis
734 1982 766 2053 in
783 1982 889 2077 lingua
906 1979 1096 2053 Germanica
1114 1987 1389 2063 anomineTuba-
1405 1993 1444 2068 E.

124 2077 163 2148 lis
177 2076 373 2177 desumptam
390 2079 465 2168 esse,
490 2083 541 2156 vel
554 2080 592 2153 ad
609 2079 693 2152 huuc
710 2075 864 2174 respexisse
879 2076 1077 2173 impositione
1092 2085 1229 2152 nominis
1251 2082 1303 2156 ista
1328 2105 1394 2160 no*

124 2169 249 2261 states,
276 2201 391 2250 temere
406 2177 560 2252 adserimr.
585 2179 810 2250 Formaverunt
824 2177 907 2246 enim
922 2199 939 2242 e
956 2175 1074 2244 Graeco
1090 2177 1275 2265 druidarum,
1286 2185 1317 2252 in
1327 2210 1389 2280 qua

124 2266 354 2368 figrrifieaoone
371 2301 450 2352 voce
465 2301 500 2346 ea
515 2273 589 2346 satri
604 2277 775 2369 Scriptores
791 2269 898 2343 Graeci
915 2269 972 2340 soli
982 2268 1026 2340 usr
1034 2267 1125 2360 sunt,
1135 2280 1168 2342 &
1178 2273 1248 2440 post
1258 2275 1316 2347 hos
1324 2283 1388 2349 La-
1499 2361 1511 2376 κ

124 2369 201 2440 tini:
229 2397 246 2442 a
286 2372 395 2458 uibus,
422 2376 495 2471 quia
510 2374 564 2444 lux
579 2371 744 2470 Euangelii
762 2367 799 2440 ad
814 2367 993 2438 Germanos
1010 2367 1146 2438 traduela
1161 2395 1179 2438 e
1213 2423 1223 2456 ,
1257 2381 1290 2444 δι
1315 2402 1388 2450 cum

35 2477 39 2486 '
122 2459 187 2536 hoe
205 2466 226 2538 d
300 2473 306 2487 '
363 2469 402 2541 de
415 2471 549 2568 Angelis
567 2475 599 2540 δι
616 2467 785 2552 Diabolis,
811 2467 903 2539 etiam
920 2463 1137 2562 adpellationes
1158 2487 1221 2540 tam
1238 2474 1386 2570 Angeio.

122 2585 216 2650 ΝΜ,
242 2591 338 2665 quam
354 2569 549 2644 Doemonum
565 2563 598 2640 hi
614 2562 654 2640 ab
672 2563 732 2637 illis
749 2565 881 2640 murati
897 2559 985 2652 sunt,
1011 2567 1045 2633 &
1065 2556 1121 2632 suo
1138 2563 1279 2640 idiomati
1290 2589 1387 2642 uant-

124 2652 282 2755 srn'psere.
425 2673 429 2680 '

173 2757 335 2858 Frigidum
352 2789 429 2836 veto
445 2769 537 2840 etiam
554 2763 617 2836 hoc
632 2780 760 2856 etymon
776 2757 895 2830 vocula
910 2756 1005 2838 ffillti
1014 2757 1093 2827 inter
1103 2757 1240 2850 ipuiude.
1257 2762 1387 2836 Veroli·
1405 2773 1440 2844 F.

121 2853 233 2928 mlius
250 2856 430 2944 est,deduci
447 2867 505 2936 rite
521 2859 561 2933 ab
574 2837 715 2932 Ebrfita
731 2855 873 2954 Regias,
884 2856 905 2924 i.
922 2878 950 2922 e.
970 2858 1140 2942 Dominus,
1151 2859 1236 2954 quod
1255 2861 1335 2929 inter
1353 2887 1387 2930 a·

122 2955 256 3024 numm
281 2951 368 3030 balle
382 2951 461 3031 olim
470 3013 480 3047 ,
507 2960 554 3030 uti
569 2966 602 3032 de
621 2954 664 3028 est
678 2954 853 3053 hodieque,
879 2951 928 3026 vel
946 2975 1012 3022 uno
1028 2951 1179 3022 Martialis
1196 2952 1326 3028 venusto
1341 2957 1387 3026 E-

5 3061 7 3074 '
119 3047 330 3143 pigrammate
342 3053 472 3128 constat

174 3151 229 3218 At
243 3145 304 3221 hoc
320 3154 444 3238 multis,
469 3151 634 3251 postquam
653 3146 807 3224 Celtiberi
823 3139 1019 3218 exolevissent
1036 3145 1095 3214 toti
1112 3143 1145 3214 in
1161 3139 1329 3256 Hispania,
1340 3145 1386 3219 se·
1402 3150 1452 3226 G.

119 3242 225 3328 tulis,
249 3251 283 3316 dt
299 3245 352 3334 hi,
384 3275 443 3320 uos
458 3253 618 3335 nominat,
628 3247 817 3320 Gothorum
830 3245 934 3342 Reges
951 3239 1037 3313 suere
1046 3291 1057 3330 ‚
1067 3265 1132 3310 non
1143 3241 1388 3336 Celtiberorum,

120 3337 269 3438 nihilque
285 3275 426 3420 cumina
444 3371 612 3420 commune
628 3347 696 3416 iilis.
875 3436 883 3452 ι
944 3434 950 3449 .
1014 3341 1019 3352 ’
1220 3429 1222 3434 Ι
1278 3361 1282 3368 ’
1539 3367 1542 3372 ·

171 3438 228 3508 De
243 3435 327 3512 hisee
342 3468 360 3513 e
377 3439 465 3539 supra
482 3443 571 3516 <lieris
584 3443 711 3536 judicari
728 3433 847 3538 potest,
872 3434 1014 3508 mutilem
1031 3431 1071 3505 sc.
1099 3433 1236 3508 laborem
1259 3463 1388 3538 omnem
1403 3457 1450 3530 H,

121 3529 201 3622 effi,
229 3539 374 3612 voculam
391 3537 625 3627 Endovelliaus,
652 3563 721 3638 quae
736 3535 860 3632 origine
874 3531 982 3604 Ebraea
997 3529 1059 3618 est,
1093 3537 1309 3605 terminatione
1332 3560 1388 3604 au·

121 3651 188 3702 tem
205 3635 338 3722 Latina,
363 3659 404 3710 ex
419 3641 546 3738 antiqua
562 3637 752 3710 Germanica
769 3635 874 3730 lingua
896 3654 1060 3726 exponere.
1119 3634 1245 3700 Summa
1268 3633 1388 3728 negotii

121 3725 216 3816 buius
235 3734 343 3804 omnis
362 3729 424 3808 esta
450 3734 558 3808 Iberos
574 3738 608 3806 in
622 3729 805 3830 Hispaniam
829 3725 941 3804 venisse
965 3729 1146 3800 austoritate
1161 3727 1211 3796 M.
1224 3729 1387 3826 Varronis,

121 3825 238 3901 elul.
250 3853 280 3926 3.
290 3852 318 3902 c.
333 3853 363 3906 1.
388 3831 528 3913 tradidit:
554 3839 588 3908 δι
604 3831 726 3932 adparet
740 3826 1077 4014 exadpeligtioomqua
1085 3819 1387 3922 antiqtriilimiGrae-

929 3945 944 4024 3
1277 3944 1387 3995 torum
