3580 4736
401 231 478 338 148
591 221 1496 316 AnnenstnttCunononootcn
1602 273 1605 279 ·

847 462 1088 546 Cotum
1144 459 1222 544 lll.

426 627 615 738 Temporo
633 629 745 738 regni
757 615 907 714 Medici
925 622 973 705 ab
994 623 1191 708 Herodoto
1212 622 1370 708 tradito
1389 621 1530 708 exodio
1548 649 1635 708 cum

580 738 721 822 Sacris
743 739 913 850 historiis
931 735 1133 832 convenire
1142 791 1155 832 ,
1185 762 1297 846 eoque
1315 736 1487 818 veritati

857 849 930 956 esso
949 848 1208 952 consentaneo

472 1056 609 1132 Tesucis
624 1057 736 1132 fabulis
750 1059 845 1160 longe
857 1055 945 1143 sunt,
971 1083 1022 1130 me
1038 1056 1160 1148 judice,
1186 1056 1321 1142 veriora,
1430 1054 1470 1126 de
1486 1054 1604 1126 Medici
1613 1079 1663 1126 re-

400 1071 469 1224 C
495 1160 551 1253 gui
578 1155 771 1254 temporibus
790 1156 881 1226 habet
900 1155 1092 1226 Herodotus.
1137 1161 1209 1224 luto
1231 1176 1299 1222 non
1315 1152 1358 1224 du
1381 1151 1427 1224 ito
1445 1153 1497 1222 illa
1512 1152 1663 1224 vetillum

399 1256 606 1350 pronunciare
615 1308 626 1342 ,
652 1253 741 1352 quod
757 1250 942 1324 exaeiiffime
959 1253 1149 1322 conveniant
1164 1276 1236 1322 curn
1253 1251 1467 1322 monumentis
1485 1253 1600 1334 Sacris,
1626 1247 1673 1322 td‘

401 1352 727 1520 moll&
744 1344 1663 1543 {lllllltllMul‘ll‘lllnl‘lllllllo

292 1562 294 1579 ⁸
399 1541 447 1616 dt.
489 1543 607 1636 Qod,'
633 1542 690 1620 nist
708 1541 816 1628 fallor,
841 1542 924 1616 hunc
946 1549 980 1615 in
998 1545 1131 1617 modum
1154 1541 1221 1614 fieri
1239 1539 1350 1639 potest.
1383 1541 1569 1639 Herodotus
1584 1544 1608 1610 l.
1632 1565 1661 1613 1.

399 1635 522 1712 scribit:
551 1641 669 1714 Medos
682 1661 803 1712 centum
817 1667 855 1712 ac
871 1641 929 1710 duo
944 1641 983 1712 de
997 1645 1129 1736 triginta
1143 1665 1258 1726 annos,
1273 1645 1357 1708 omni
1367 1641 1461 1737 firpra
1476 1638 1663 1736 Halymfltt·

401 1742 492 1807 vium
514 1743 596 1834 Afiae
610 1739 803 1825 dominator,
829 1760 949 1834 excepto
964 1759 1094 1904 remgore
1114 1763 1171 1834 quo
1195 1737 1305 1834 Scytha
1318 1756 1531 1838 regnaverunt.
1573 1738 1662 1808 Idem

401 1831 543 1921 testatur,
571 1835 696 1932 Scythas
714 1834 796 1909 Afiae
814 1838 980 1934 inmerium
995 1860 1017 1904 o
1041 1837 1160 1906 tinuitle
1176 1861 1274 1910 annos
1289 1835 1402 1932 viginti
1417 1835 1509 1916 otto,
1539 1835 1663 1928 Cyana-

399 1932 441 2006 ris
458 1931 629 2004 Medorum
645 1937 696 2004 Re
720 1935 744 2003 is
758 1955 854 2004 aetate.
887 1935 976 2006 Hinc
992 1929 1184 2030 consequens
1199 1931 1260 2016 est,
1286 1930 1326 2004 ab
1339 1935 1431 2004 initio
1445 1932 1483 2002 td
1496 1929 1595 2003 finem
1611 1927 1664 2003 us·

399 2053 463 2196 que
480 2028 610 2124 Asiatici
626 1959 798 2102 Medontm
821 2032 943 2130 irnperii
968 2028 1085 2102 fluxtlle
1100 2055 1197 2100 annos
1213 2052 1339 2100 cennun
1354 2030 1583 2128 quinquaginta
1598 2025 1660 2101 sex.

435 2149 606 2214 omrem,
632 2129 744 2200 eodem
766 2127 864 2214 telle,
889 2131 1059 2226 regnaverit
1083 2128 1222 2215 Dejoees
1245 2151 1344 2198 annos
1366 2149 1474 2212 nur,
1499 2126 1662 2198 phraortes

399 2247 458 2294 xxt
470 2249 499 2310 1,
527 2224 679 2321 Cyaxares
695 2243 752 2312 xm
780 2223 929 2323 Astyages
951 2251 1042 2309 xxxv,
1060 2225 1116 2320 qui
1134 2226 1207 2294 anni
1224 2225 1346 2296 colledli
1361 2221 1432 2294 sunt
1448 2244 1569 2296 tantum
1585 2247 1679 2294 cen··

397 2341 468 2403 tum
485 2324 730 2420 quinquaginta3
756 2324 911 2392 netellum
925 2319 970 2391 est
986 2319 1035 2391 sex
1050 2321 1164 2417 reliqui
1178 2317 1297 2393 fuerint
1314 2321 1528 2404 totunm:
1555 2321 1662 2420 quales

401 2419 525 2516 aliquot
542 2421 675 2510 Dejocis
694 2419 781 2487 initia
799 2413 1090 2503 anteceffille‚idem
1108 2417 1291 2496 Herodotus
1307 2439 1416 2490 narrat.
1442 2420 1517 2490 Hos
1533 2441 1662 2491 tentum

399 2518 433 2586 δι
458 2517 684 2612 quinquaginta
704 2511 755 2584 sex
779 2539 877 2584 annos
893 2512 916 2584 fi
931 2535 1015 2586 retro
1031 2537 1198 2599 numeres,
1223 2513 1262 2585 ab
1278 2541 1361 2587 anno
1380 2517 1519 2612 juliane·
1533 2517 1659 2590 Periodi

397 2629 506 2704 4154
531 2612 589 2705 qui
607 2613 726 2706 primus
739 2608 784 2681 est
801 2611 878 2706 Cyri
894 2613 973 2682 inre
1016 2635 1040 2680 o
1057 2605 1198 2697 Persico,
1223 2613 1332 2686 incidit
1348 2615 1474 2688 initium
1489 2611 1659 2708 Reipubli-

395 2727 441 2874 ἷξε
461 2705 653 2876 lededorutg,
678 2707 818 2806 adeoque
835 2731 945 2779 eorum
969 2635 1017 2778 oli
1025 2706 1155 2804 Allyriie
1169 2705 1323 2797 defectio,
1347 2712 1380 2782 in
1395 2733 1510 2783 annunt
1519 2709 1657 2808 'Julianae

423 2825 639 2896 en1399.
1210 2835 1215 2845 ·
1263 2865 1266 2872 -
1568 2845 1573 2854 ·

392 2930 395 2939 ·
445 2901 525 2972 Haec
541 2921 719 2999 temporum
736 2905 935 2978 Medicorum
955 2902 1081 2976 historia
1104 2903 1309 3002 pulcherrime
1331 2933 1405 2981 cum
1427 2908 1524 2982 Sacris
1545 2903 1657 2978 nolitis

397 3001 609 3072 monumentis
626 3001 783 3074 consonat.
827 3004 969 3074 Primum
983 3005 1068 3074 enim
1085 3004 1135 3074 illa
1148 2999 1319 3090 testtnnu,
1352 3009 1486 3080 monime¹
1510 3007 1658 3076 omnium

396 3093 533 3167 lloruille
548 3122 615 3167 rem
633 3101 847 3195 Allyriontm‚
873 3103 951 3172 circa
967 3103 1017 3171 illa
1033 3123 1191 3197 tempora,
1216 3104 1343 3200 quondo
1360 3103 1424 3175 haec
1442 3104 1481 3175 ab
1506 3101 1659 3174 Herodo-

391 3210 434 3262 to
442 3193 576 3277 indicata
593 3195 762 3270 Medorum
778 3193 915 3270 desertio
929 3201 1072 3296 contigit.
1121 3199 1360 3272 Florentiffimns
1374 3202 1659 3296 certeAllyriotum
1739 3223 1744 3237 ·

381 3315 444 3376 ,res
460 3291 923 3394 indicantTeglatphulallaris‚
946 3294 1185 3380 Salmanallaris,
1211 3296 1427 3369 Sennaclnribi
1456 3296 1534 3385 ella,
1561 3299 1661 3366 inSa-

393 3389 454 3472 cris
470 3409 648 3459 memorata.
699 3397 787 3464 Ante
805 3393 974 3464 Medorum
990 3417 1065 3463 veto
1083 3388 1292 3464 defcenonem
1306 3323 1554 3490 potentill'tmum
1569 3390 1660 3466 fuitle

393 3483 589 3579 Allytiorum
604 3485 790 3583 imperium,
817 3489 850 3557 in
868 3488 900 3560 id
914 3485 1060 3585 profedio
1076 3483 1273 3562 consentiunt
1286 3495 1395 3564 omnia
1409 3489 1537 3590 scripta,
1563 3493 1659 3563 etiam

393 3590 451 3649 τῶν
469 3583 544 3669 ἔξω,
571 3605 734 3681 quotquot
750 3585 829 3656 hanc
845 3610 912 3656 rem
930 3589 1108 3684 attigerunt.
1130 3587 1183 3656 Ex
1209 3590 1307 3661 Sacris
1323 3613 1420 3686 porro
1434 3591 1530 3663 literis
1550 3588 1660 3664 itidem

392 3677 591 3750 manifestum
609 3677 670 3765 est,
696 3683 907 3754 Stlmtnallare
924 3685 1032 3782 Rege,
1057 3683 1119 3756 hoc
1137 3679 1197 3768 est,
1222 3688 1317 3783 paulo
1332 3707 1403 3758 ante
1428 3682 1659 3772 defeuionem,

391 3775 507 3845 Medos
523 3801 588 3847 non
606 3797 728 3848 tantum
745 3778 872 3875 pantille
889 3779 1095 3874 Mlyriis,sed
1110 3787 1144 3851 &
1156 3781 1234 3852 adeo
1242 3779 1489 3880 asperehtbitoe,
1514 3786 1661 3855 utineo·

390 3894 464 3944 rum
480 3875 617 3946 civitates
641 3870 845 3950 israelitarum
859 3876 999 3949 colonias
1016 3874 1129 3976 Affyrii
1145 3877 1339 3955 deduxerint.
1390 3887 1472 3974 Quae
1486 3885 1568 3954 ratio
1583 3877 1662 3950 sub-

1510 3980 1661 4072 Jeetioois
