3658 4728
357 131 461 306 ¹380

884 325 1137 406 Auem.

340 467 343 476 ’
498 501 1050 590 WILHELMUM
1100 498 1527 588 LANGIUM.

372 761 375 768 ν
459 719 538 790 uAEc
549 713 727 810 ferefuett,
755 714 928 810 Dobiiffime
944 719 1065 815 Largi,
1091 713 1130 784 de
1141 711 1644 816 quibusamitepbacidequetttum

378 733 459 886 H
483 837 572 911 agere
593 811 684 884 libuit
700 865 714 900 ,
737 819 790 886 cet
805 820 909 915 potius
921 839 981 912 per
999 818 1144 913 temporis
1165 809 1411 882 commoditatem
1432 814 1533 886 licuit.
1583 819 1645 886 Per
1678 862 1688 883 .

377 929 464 982 tsutm
489 935 562 980 vero
590 929 619 982 tt
632 912 795 983 candorem
818 911 905 1008 quast
921 925 968 984 φ’
981 909 1111 1005 obsecro,
1136 935 1175 980 ne
1187 934 1286 980 meum
1300 907 1399 994 bunc,
1423 935 1514 1008 quem
1522 907 1647 1010 publice

376 1009 519 1108 profefflst
526 1007 614 1101 firm,
638 1007 808 1103 diffenfitm,
818 1029 873 1080 aut
891 1017 1047 1097 φιλοιικίῳ
1062 1033 1101 1078 ao
1117 1007 1349 1081 contradicendi
1359 1003 1506 1090 libidini,
1518 1005 1520 1008 ’
1530 1029 1585 1078 aut
1594 1014 1647 1078 in·

380 1105 489 1194 vidia,
516 1125 570 1178 aut
583 1111 689 1176 animo
698 1109 865 1204 gloriolam
880 1113 915 1176 in
927 1107 1073 1191 mustaceo
1088 1113 1229 1206 captanti
1244 1102 1408 1196 adscribas.
1459 1107 1584 1176 Aliena
1593 1105 1648 1202 effa

379 1230 400 1286 a
417 1229 486 1276 men
500 1209 689 1300 ingenuitate
704 1205 763 1278 isac
778 1211 903 1290 omnia,
929 1208 989 1302 ipse
1005 1204 1097 1301 nosti,
1116 1207 1147 1300 fi
1160 1231 1209 1275 ma
1224 1203 1310 1296 nosti.
1337 1205 1444 1272 Alma
1458 1206 1647 1300 antiquaque

379 1305 524 1374 unitatis
540 1325 627 1372 amor
644 1323 678 1370 ec
694 1327 742 1374 me
758 1323 899 1373 nontam
914 1305 1045 1389 Manu,
1070 1325 1165 1400 quam
1181 1303 1328 1400 impulit,
1352 1318 1386 1368 ut
1399 1300 1503 1398 prisia
1519 1305 1648 1390 ὀρθοδα-

379 1401 468 1486 blot,
493 1423 588 1495 quam
601 1421 688 1470 vana
701 1404 839 1474 novitati
851 1399 1328 1496 tantumnonsuctumberevsdi,
1351 1395 1550 1492 defensionem
1551 1397 1648 1492 flosci-

376 1518 492 1598 potem.
518 1501 629 1592 Siqua
645 1496 801 1573 acerbiora
815 1523 1032 1596 nonnunquam
1035 1496 1184 1592 scribenti
1199 1497 1280 1568 mibi
1293 1493 1471 1566 exciderunt
1478 1548 1489 1582 ,
1520 1501 1647 1591 ‘amp'am

382 1593 527 1688 oucidisse
540 1600 673 1692 penitet.
716 1595 869 1689 Existimo
882 1617 986 1667 tamen
999 1593 1082 1666 nibil
1095 1623 1116 1666 a
1133 1621 1181 1666 mo
1196 1593 1327 1696 asperius
1342 1593 1487 1666 dibbumt
1510 1620 1545 1679 e,
1570 1599 1648 1692 quin

382 1717 485 1764 torum
502 1689 654 1788 pandera,
678 1697 843 1790 causaque,
867 1700 919 1767 tui
933 1693 1014 1767 hanc
1028 1693 1263 1766 advocationem
1275 1691 1488 1776 commodavi,
1500 1699 1651 1790 grauitas

385 1788 421 1860 id
438 1795 560 1862 onons'tso
570 1789 806 1885 flagitaverint.
856 1790 927 1863 Tibi
941 1782 1038 1886 tuisve
1051 1790 1196 1866 laudibus
1212 1788 1457 1875 choreuma
1472 1795 1576 1858 animi
1587 1795 1651 1862 mei

383 1886 517 1974 candor,
543 1910 598 1955 nec
618 1887 756 1982 conflans
773 1893 840 1974 ibe,
866 1913 923 1984 quo
941 1909 1015 1978 toto
1067 1893 1155 1961 laxus
1164 1895 1253 1988 fiem,
1278 1913 1367 1959 amor
1382 1911 1518 1984 unquam
1551 1894 1651 1958 troni-¹

383 1986 430 2073 fit.
457 1989 592 2054 Pausa
607 1981 690 2073 fiens,
708 1985 814 2088 fiqua
828 1982 956 2074 babone,
982 1913 1093 2084 qums
1107 1991 1160 2058 vel
1176 2008 1247 2058 tuas
1259 1991 1413 2088 opiniones
1427 1907 1571 2073 defendi,
1595 1987 1654 2057 vet

382 2106 487 2154 tottam
502 2080 583 2150 bano
595 2077 834 2154 lucubrationem
849 2089 1025 2186 impugnari
1036 2087 1117 2184 posst
1127 2105 1237 2184 putes,
1258 2085 1363 2154 eadem
1378 2087 1515 2178 equitate
1530 2104 1568 2152 ac
1584 2107 1652 2152 nso*

374 2176 544 2252 ,dotatione
565 2179 621 2272 ifla
644 2199 679 2250 ut
699 2188 870 2285 recipiam,
895 2207 989 2280 quam
1011 2207 1033 2251 a
1046 2197 1076 2250 te
1089 2189 1222 2280 experiri
1235 2190 1330 2284 cupio.
1356 2180 1403 2250 Tu
1419 2167 1506 2250 modo
1524 2182 1651 2276 ingenue

386 2279 424 2349 t'd
438 2301 536 2374 agas,
558 2275 640 2372 quod
653 2285 807 2380 agendum
820 2280 876 2376 cst,
903 2293 951 2352 (7⁹
964 2275 1117 2378 affebbibsn
1131 2279 1297 2380 obsequium
1314 2279 1449 2376 deneges.
1475 2271 1544 2374 Quo
1559 2279 1653 2352 titius

386 2375 464 2472 quid
478 2375 624 2474 ropiicts,
647 2401 680 2446 oo
691 2383 816 2474 gratius
832 2378 869 2448 id
883 2378 962 2449 mibi
977 2377 1103 2450 accidet.
1129 2379 1322 2476 Occaftontm
1337 2386 1419 2447 enim
1431 2371 1589 2475 prabebis,
1614 2401 1654 2448 aa

382 2469 729 2571 pomusaitdutius
741 2475 935 2574 explicandi,
961 2501 1022 2574 qua
1037 2483 1182 2578 temporis
1190 2480 1342 2575 iniquitas
1351 2473 1590 2573 &properandi
1596 2497 1653 2544 ne·
1777 2501 1779 2505 ·

388 2568 505 2662 coffitas
516 2571 669 2662 prolixius
675 2574 749 2665 jam
761 2580 870 2672 tarqui
880 2572 1066 2673 prohibunt.
1093 2581 1117 2644 S
1134 2601 1200 2662 tro,
1224 2601 1273 2646 nse
1283 2597 1340 2674 per
1354 2575 1419 2642 Dei
1416 2575 1652 2670 gratiamptor·

323 2661 327 2678 '
383 2666 436 2769 sus¹
449 2663 508 2735 tibi
516 2666 747 2758 fistitfatiurum
763 2677 848 2744 circa
865 2698 921 2757 ea,
945 2695 1007 2768 qua
1022 2673 1066 2744 ad
1079 2595 1245 2745 ubertarem
1261 2697 1362 2744 rtrum
1372 2669 1428 2741 bic
1443 2667 1566 2740 brevius
1616 2695 1650 2738 o-

385 2766 554 2862 pofitarurn
571 2761 810 2838 declarationem
825 2769 989 2866 defidtrari
1001 2769 1196 2848 videbuntur.
1247 2775 1361 2870 Neque
1374 2774 1456 2839 euim
1473 2787 1537 2836 tam
1575 2770 1653 2838 erile

390 2862 429 2954 ιβ
440 2867 621 2960 pracipuum
636 2859 724 2960 hup‘au
740 2871 978 2936 Exercitationis
992 2889 1222 2971 argumentum,
1249 2893 1353 2972 nempe
1367 2867 1497 2956 doferic
1507 2862 1653 2962 paffionis

391 2961 584 3046 Dominica,
609 2963 688 3056 quod
704 2987 725 3031 a
739 2965 1065 3050 nemineoruditorum,
1091 2969 1170 3062 quod
1178 2973 1295 3064 poian,
1319 2962 1654 3068 exprofiffloperttaiia-

392 3065 459 3132 burn
475 3055 533 3152 est,
557 3064 631 3156 quia
648 3085 668 3134 a
683 3068 803 3131 nemine
817 3062 959 3134 babiensis
977 3065 1019 3132 Iis
1035 3061 1073 3134 de
1087 3089 1119 3131 eo
1135 3084 1218 3136 mota
1233 3065 1288 3154 eli,
1314 3073 1389 3160 quin
1401 3065 1495 3160 plura
1502 3061 1576 3130 dari
1581 3085 1655 3156 qut-

393 3175 467 3239 aut,
492 3180 553 3250 qua
568 3159 665 3228 lucem
678 3159 732 3227 illi
737 3163 897 3254 fenerent.
926 3161 989 3231 Aa
1001 3181 1166 3232 ceterorum
1181 3185 1294 3258 quoque
1307 3163 1541 3253 illustrationem
1556 3159 1655 3225 muita

387 3253 570 3348 Jeofferent,
594 3279 657 3348 qua
671 3255 730 3324 hac
748 3256 1331 3358 Diatribacomprabtndihautpotuore.
1357 3257 1589 3338 lnterimvalt,
1606 3269 1655 3338 θ’.

397 3347 457 3416 bac
469 3373 546 3444 aquo
564 3355 669 3420 acono
687 3360 802 3452 accipe.

1423 3677 1655 3766 Goouol

1540 3813 1558 3858 s
