3658 4726
368 239 437 322 Dr
469 239 740 322 Anrnrroue
770 239 973 325 serpen
1000 238 1212 352 Junnrcr.
1326 265 1408 355 435

145 380 213 474 ejus
235 382 372 452 nationis
394 378 566 451 hominibus
581 379 730 468 tribuere,
756 397 804 454 (θ’
820 381 887 452 ideo
901 385 1036 478 conjugis
1046 383 1103 478 sua
1110 383 1215 476 fratri
1221 378 1257 452 id
1260 386 1412 481 periturus

70 480 78 488 ’
145 491 232 560 erat,
258 477 447 548 Alexandro
470 484 589 577 nepoti,
617 504 655 549 erc
667 497 758 578 petre
772 479 967 574 Aristobulr',
991 504 1031 548 ex
1043 499 1141 548 matre
1158 483 1314 572 Hyrcani.
1340 483 1411 551 Lo-

148 593 204 642 cus
216 597 379 676 coemptus
387 629 398 662 ,
423 581 458 647 &
472 597 615 672 preterea
630 599 740 672 parum
755 575 861 648 dextre
876 602 893 646 a
908 576 1048 646 Gelenio
1065 573 1167 650 versus
1174 578 1302 648 videtur.
1327 580 1412 649 Ver-

150 666 189 738 ba
209 671 293 741 enim
320 673 388 742 illa:
415 677 433 741 ἑ
457 673 518 762 peip
534 681 572 746 irc
587 675 690 743 saurir
705 676 797 751 α’νίίη
817 677 1040 764 decernerem
1066 670 1190 770 prorsus
1208 670 1307 746 otiosa
1323 669 1412 762 sunt,

150 768 245 837 &nil
262 766 318 838 nist
335 768 474 840 Grnculi
491 769 645 860 cujusdam
660 769 832 868 glossatoris
848 795 973 840 manum
989 768 1149 856 redolent,
1174 769 1258 842 unde
1274 795 1291 840 a
1308 769 1413 841 Gele-

151 864 208 932 nio
224 867 305 935 recle
319 868 516 938 omittuntur.
558 873 607 938 At
623 865 901 940 manifestissimum
918 868 1065 937 mendum
1083 869 1180 940 miror
1197 866 1331 939 eundem
1345 893 1412 939 non

151 959 399 1035 animadvertisse.
451 965 540 1054 Qtid
554 967 662 1036 enim?
687 991 726 1036 an
743 963 919 1036 Alexander
937 967 1149 1046 Mariamme,
1175 966 1284 1034 uxoris
1300 966 1411 1034 Hero*

150 1053 199 1126 dis
221 1052 336 1129 srnter?
362 1065 434 1129 lmo
450 1083 535 1156 pater
553 1058 633 1146 suit,
659 1084 695 1132 ut
716 1068 751 1132 dc
767 1056 943 1132 Aristobuli
960 1062 1109 1148 junioris,
1135 1085 1231 1157 quem
1247 1062 1279 1129 in
1295 1058 1412 1155 piscina

150 1171 305 1225 natantem
322 1157 540 1250 parricidarum
555 1182 651 1228 manu
664 1157 703 1228 ab
720 1157 851 1227 Herode
867 1152 1065 1228 interfedlum
1074 1155 1163 1252 supra
1172 1162 1245 1254 Cap.
1256 1161 1322 1232 ΙΙΙ,
1331 1157 1414 1228 dixi·

152 1273 232 1320 mus.
267 1251 334 1348 lpse
357 1278 432 1324 vero
446 1253 641 1337 Alexander,
667 1251 751 1324 filius
767 1248 830 1323 fuit
844 1249 971 1324 senioris
988 1251 1183 1338 Aristobuli,
1210 1252 1310 1324 fratris
1325 1257 1414 1348 Hyr·-

153 1349 243 1434 eani,
270 1347 363 1444 ipsius
380 1374 455 1420 vero
472 1353 612 1444 Hyrcani
627 1347 792 1422 Pontificis
800 1372 958 1448 gener,ut
965 1348 1019 1419 lib.
1029 1353 1101 1422 XV.
1110 1354 1237 1444 capJI.
1255 1355 1411 1446 ἀρχαιολε

154 1449 188 1514 dc
202 1444 258 1516 lib.
269 1451 391 1517 ΙΙ.“Λλ.
424 1452 607 1546 cap.XVII.
633 1445 696 1544 ipse
720 1447 832 1519 indicet
850 1443 1014 1543 Josephus.
1049 1446 1197 1518 Omnino
1205 1447 1300 1545 igitur
1308 1448 1415 1545 legen-

157 1538 233 1610 dum
256 1540 319 1614 est:
347 1543 425 1614 oillei
447 1543 503 1613 scol
522 1542 558 1613 ed
581 1553 632 1622 τῆς
653 1543 791 1636 purmrdr
807 1549 940 1634 ἀδελφῷ
956 1545 1061 1613 tuerit
1080 1543 1215 1628 α’ξιόσων
1231 1545 1413 1640 Ἀςιςοίέλῳ

155 1639 334 1760 Ἀλεξξίνδρκ
348 1644 402 1727 υἰᾷ
416 1638 622 1734 τυγχάνοντι,
633 1647 724 1736 scarpi
736 1643 791 1728 ll,
816 1642 886 1738 npdr
900 1635 1078 1734 psinarpdr
1092 1636 1291 1734 Ἀριςοέέλκ,
1317 1640 1416 1738 πςδςό

183 1763 220 1813 il?
236 1763 292 1810 ⁰52³
308 1766 390 1808 narr.

154 1761 182 1828 μ
207 1763 364 1906 darium
386 1837 473 1935 quod
497 1834 658 1921 Gelenio,
681 1837 707 1904 δι
725 1843 756 1904 ἐκ
773 1841 810 1904 τί
826 1836 930 1925 pluer,
952 1835 1096 1909 homines
1113 1831 1248 1928 ejusdem
1263 1835 1415 1920 nationis,

157 1931 190 2000 in
216 1955 257 2000 eo
272 1955 409 2004 mentem
423 1931 555 2030 Josephi
571 1933 699 2003 minime
712 1933 860 2005 assecutus
874 1931 927 2004 est.
955 1934 992 2006 ld
1006 1937 1090 2006 enim
1104 1934 1218 2006 indicat
1233 1929 1417 2015 historicum

157 2027 320 2100 Herodem
344 2032 415 2103 ideo
440 2027 601 2128 desperasse
625 2029 664 2101 de
678 2055 795 2130 regno,
820 2030 909 2126 quod
926 2028 1014 2102 sciret
1027 2033 1249 2102 Romanorum
1267 2031 1324 2100 elle
1339 2047 1419 2098 con*

158 2119 369 2212 suetudinem,
395 2131 433 2201 iis
454 2147 618 2225 occupatas
635 2127 750 2198 tradere
767 2130 959 2223 provincias,
985 2130 1040 2225 qui
1058 2125 1152 2197 essent
1166 2128 1204 2197 de
1236 2123 1416 2196 ristinorum

159 2221 287 2389 Reponi
304 2249 425 2322 genere.
468 2225 606 2297 Statuisse
624 2226 719 2325 igitur
734 2226 840 2294 uxoris
855 2221 915 2294 luae
931 2221 1037 2307 fratri,
1062 2221 1194 2294 Aristob
1228 2225 1418 2320 oRegnum

158 2315 202 2414 Ju
224 2320 324 2390 aicum
338 2349 355 2392 a
371 2323 524 2394 Romanis
539 2341 653 2417 petere.
703 2320 850 2417 Elliptica
866 2344 979 2416 nempe
995 2318 1040 2391 est
1056 2319 1196 2402 locutio,
1221 2343 1284 2417 qua
1301 2315 1420 2417 fignifi-

158 2436 263 2502 catur,
289 2419 444 2492 Romanis
469 2418 557 2491 suisle
581 2415 862 2502 consuetudinem,
886 2415 1034 2489 debellata
1056 2441 1148 2516 regna
1173 2417 1210 2486 iis
1233 2416 1419 2499 concedere,

159 2515 217 2609 qui
234 2515 329 2584 essent
353 2525 385 2586 ἐκ
407 2526 445 2588 τῦ
466 2523 566 2609 ysne,
592 2541 770 2614 exgenere,
796 2512 856 2584 srve
872 2511 1011 2612 prosapia
1028 2515 1183 2585 viciorum
1200 2511 1262 2584 scil.
1281 2515 1421 2612 Reguma

159 2611 254 2681 Hanc
271 2633 412 2707 practerea
427 2616 648 2686 Romanorum
665 2608 938 2700 consuetudinem,
964 2614 1149 2710 Antigonus
1158 2633 1287 2708 quoque
1295 2611 1422 2682 Macca-

161 2704 247 2778 barus
262 2707 392 2804 probet,
419 2717 452 2782 δι
467 2711 504 2783 ad
520 2713 603 2783 illam
620 2729 728 2780 contra
744 2711 928 2794 Herodem,
954 2707 1035 2806 apud
1049 2707 1180 2779 eundem
1199 2705 1370 2805 josephum
1385 2707 1419 2781 d.

163 2802 719 2906 leb.XW.cap.XJrV11.pr0vocat.
746 2807 834 2876 Nam
843 2809 1000 2892 Sisenem,
1025 2807 1423 2902 militesqueRomanosre-

163 2901 201 2992 pal
216 2902 397 2983 lemucerine
422 2911 625 2976 Romanorum
634 2907 743 2998 facere
755 2909 896 3000 queritur
906 2955 916 2988 ,
926 2911 981 2998 qui
990 2903 1112 2973 Herodi
1119 2925 1245 2996 regnum
1252 2901 1421 2994 adstruant,

162 2999 282 3069 bomini
302 3005 429 3094 privare
449 3018 498 3074 (ν
522 3003 669 3088 Idume,
695 3003 715 3071 i.
725 3026 756 3071 e.
767 2999 993 3096 [emi-Judaeo‚
1016 3023 1086 3072 cum
1101 2999 1135 3068 id
1151 3021 1234 3067 more
1249 3002 1352 3094 gentis
1367 2997 1423 3067 dr·

162 3091 269 3168 drarrcr
284 3099 456 3196 fircceffiom‘
471 3105 606 3198 generis.

215 3192 340 3284 Judaeos
361 3223 458 3294 porro
470 3198 686 3296 AEgyptiacos,
712 3201 748 3265 δι
762 3192 1005 3279 Alexandrinos,
1032 3189 1264 3290 Cyrenicosque
1279 3197 1311 3263 δι
1330 3193 1424 3281 alios,

163 3285 283 3388 semper
297 3291 341 3364 sui
357 3298 479 3392 generis
494 3293 683 3370 Etlmatclras
697 3287 851 3374 habuisse,
875 3286 999 3385 suisque
1015 3287 1262 3386 vixillelegibus,
1289 3289 1428 3362 idemte·

162 3385 259 3460 statur
274 3392 395 3462 Flavius
411 3391 442 3462 d.
453 3390 508 3462 lr'b.
516 3396 602 3462 XIV
599 3415 677 3491 ,cap
690 3392 768 3462 XII.
778 3393 810 3456 ἃ
820 3384 874 3455 tib.
886 3391 976 3457 XIX.
987 3408 1052 3487 cap.
1063 3391 1121 3458 IV.
1146 3386 1202 3456 ubi
1217 3386 1256 3458 de
1270 3411 1305 3457 ea
1320 3387 1427 3459 reedi-

162 3485 251 3556 &um
278 3489 384 3558 recitat
401 3485 540 3587 Augusti
557 3488 693 3560 Cesaris.
744 3482 845 3574 Quod
861 3506 937 3553 eum
954 3486 1051 3581 igitur
1067 3481 1134 3554 hoc
1146 3483 1242 3555 veluti
1256 3508 1427 3556 commune

158 3581 352 3654 devictarum
369 3587 512 3684 gentium
528 3581 621 3657 fuerit
635 3582 797 3665 solatium,
821 3599 858 3648 ut
873 3583 965 3652 etiam
983 3584 1015 3651 in
1033 3583 1208 3679 peregrinas
1221 3579 1429 3678 transportata

162 3697 277 3767 terras,
304 3679 365 3754 suis
382 3681 586 3755 nihilominus
603 3685 741 3756 viverent
755 3675 893 3772 legibus,
918 3676 1039 3778 suisque
1055 3681 1175 3778 generis
1185 3699 1325 3774 parerent
1332 3680 1428 3773 Top-

161 3775 278 3863 ambis,
304 3797 392 3850 tanto
415 3777 560 3875 prolecio
579 3779 755 3853 credibilius
775 3774 842 3858 est,
880 3774 1077 3874 Babylonicis
1090 3775 1271 3865 Judaeorum
1292 3775 1427 3845 coloniis

162 3873 258 3982 idem
275 3881 324 3968 jur
345 3879 522 3974 concellum
538 3874 647 3967 fuisse,
673 3897 792 3976 quanto
813 3875 926 3948 certius
944 3901 984 3944 ex
993 3875 1120 3952 Divinis
1137 3875 1237 3970 liquet
1245 3874 1428 3971 scripturis,

187 4011 191 4018 ·
906 3973 960 4042 lii
989 3995 1007 4041 2
1367 3993 1434 4040 non
