3658 4726
412 230 499 316 430
697 201 870 290 Guoto.
899 201 1037 288 litte.
1064 189 1411 288 Pntnbrntnoa

416 349 450 414 δι
467 346 570 416 vineas
586 397 599 430 ,
623 343 760 432 dedisse,
785 343 879 416 refert
891 344 976 416 idem
991 342 1144 444 Jostphus
1160 344 1185 418 l.
1202 343 1280 411 XII.
1294 363 1362 442 caep.
1377 346 1448 412 III.
1495 341 1550 414 De
1562 339 1683 438 Judaeia

417 464 493 514 vcro
520 465 575 538 pet
594 441 772 516 universum
795 465 944 514 terrarum
964 441 1075 514 orbem
1095 439 1229 514 infinitis
1248 438 1383 509 coloniis
1404 437 1567 527 deduffis,
1590 443 1681 516 idem

416 541 599 610 remeculur
607 542 799 640 antiquitatis
812 542 946 638 judaica
961 535 1111 638 scriptor,
1128 536 1192 610 brec
1206 535 1259 606 iil.
1269 535 1360 606 XIV.
1368 558 1436 635 rep.
1446 542 1480 608 Χ
1478 542 1526 606 II.
1540 562 1578 608 ex
1592 543 1681 610 Stra.

415 631 518 718 bone,
533 657 570 706 ut
584 637 676 724 dicit,
694 640 836 736 reliquit:
847 643 923 708 Non
940 637 979 729 ‘s
984 640 1087 732 facile
1102 640 1241 708 invenire
1256 637 1357 704 locunt
1372 631 1575 704 inhabitabili
1588 633 1682 728 orbe,

414 736 469 826 qni
486 738 639 826 nationem
654 741 742 806 illm
757 735 968 831 (Judaotum)
981 759 1041 803 non
1057 738 1225 826 acceperit,
1244 741 1281 813 ῤ’
1296 729 1335 800 el
1351 755 1388 800 ee
1401 751 1547 801 teneatur.
1582 737 1678 802 Neue

416 843 466 898 (ι’
480 837 645 929 eAEgyptnr
660 885 671 918 ,
698 847 745 905 θ’
762 839 874 931 Cyrene
887 885 899 918 ,
926 845 974 902 (γ’
991 832 1057 901 elie
1071 833 1170 902 multe
1181 835 1317 926 regiones
1330 826 1439 896 berun
1452 833 1531 898 rietes
1543 827 1678 924 admise-

415 947 488 994 runt
504 977 517 1015 ,
541 931 686 1028 aiuntque
701 927 882 1028 Jndeertetre
888 934 1138 1030 congregationes
1149 931 1309 998 inerms
1323 975 1335 1011 ,
1359 944 1475 996 utentes
1487 923 1601 1029 legiler
1609 951 1677 1028 pa-

416 1041 507 1094 wtrees.

399 1193 407 1202 ,
463 1122 620 1193 Peculiare
636 1125 739 1219 itaque
754 1120 817 1194 suit
831 1123 1069 1221 quodammodo
1085 1123 1304 1211 ἐπῳκισμὲνιις
1315 1121 1430 1215 patrios
1445 1113 1558 1190 servate
1574 1121 1676 1206 titur,

416 1219 451 1282 δι
467 1217 555 1316 leget
600 1219 688 1309 Quid
705 1220 802 1314 igitur
815 1225 829 1288 i
857 1219 1067 1292 Deteriorisne
1087 1218 1278 1290 conditionis
1290 1219 1324 1288 in
1336 1213 1537 1312 Babyloniam
1552 1215 1681 1290 deduffi

416 1311 538 1409 Judaei?
565 1323 638 1386 lmo
653 1317 809 1400 meliotis,
825 1313 989 1410 praesertim
1006 1316 1095 1414 quod
1111 1319 1292 1403 αὐτονομίαν
1308 1313 1416 1402 attinet
1429 1309 1551 1384 sacram.
1580 1314 1685 1385 Con-.

417 1409 475 1480 siat
497 1415 582 1481 enim
605 1437 642 1481 ex
660 1411 840 1508 prophetica
863 1407 961 1484 divini
973 1414 1115 1484 Danielis
1129 1411 1280 1498 historia,
1305 1405 1406 1507 ipsum
1423 1409 1679 1507 JEHOVAM,

417 1504 602 1578 Chaldaicos
613 1507 805 1601 tyrannoe,fi
820 1510 898 1606 quid
912 1531 1019 1581 contra
1034 1511 1154 1580 cultum
1170 1510 1314 1580 divitmm
1331 1509 1364 1575 in
1378 1502 1501 1596 judeos
1509 1502 1678 1577 statuissent

415 1601 571 1690 acerbius,
597 1606 645 1676 vel
662 1604 882 1677 miraculorum
903 1605 1057 1691 ostentis,
1083 1607 1132 1676 vel
1153 1629 1320 1702 poenatum
1336 1597 1516 1698 suppliciis,
1541 1607 1575 1672 in
1590 1603 1680 1674 ordi-

418 1724 519 1790 nem,
545 1709 579 1772 &
604 1702 763 1774 adDivini
786 1701 900 1772 decreti
920 1700 1063 1800 redegisse
1078 1705 1201 1786 limites.
1249 1700 1369 1774 Divina
1382 1701 1468 1770 enim
1483 1699 1679 1794 providentia

412 1819 543 1868 cautum
559 1821 621 1870 erat
637 1797 779 1870 Ecclestae
836 1823 875 1869 ne
887 1794 1029 1871 funditus
1041 1797 1209 1895 exstirpata
1225 1799 1306 1867 inter
1320 1793 1497 1890 deportatos
1504 1791 1679 1868 consentu

413 1893 582 1966 seminaria.
632 1898 722 1966 Hinc
745 1823 1016 1968 Nebitcadnezaris
1034 1947 1045 1981 ,
1070 1903 1105 1966 δι
1121 1897 1212 1965 Darii
1228 1889 1411 1965 severissime
1424 1892 1542 1980 edicta,
1558 1891 1679 1990 quibua

414 1991 518 2059 cultus
563 1992 740 2064 EHOVAE
764 2016 831 2064 non
855 2015 975 2063 tantum
992 1991 1141 2064 omnibus
1156 1987 1317 2088 permissus
1335 1989 1491 2084 populis,
1516 1985 1679 2064 sedetiam

417 2089 513 2154 atroc‘
541 2113 602 2159 tma
616 2093 796 2179 διχοτομίας
809 2114 904 2185 poena
920 2111 1046 2160 cauttun
1063 2109 1152 2178 etat,
1176 2089 1297 2186 nequis
1314 2085 1353 2156 de
1366 2085 1466 2158 DEO
1476 2087 1531 2156 illo
1545 2085 1679 2160 cleonem

419 2182 617 2280 loqueretur,
642 2208 695 2257 aut
709 2183 833 2256 sentiret
848 2183 1003 2279 improbe.

465 2281 558 2350 Plane
575 2279 636 2352 laoc
653 2303 838 2379 argumento
855 2284 1025 2352 nonnullos
1039 2303 1199 2370 temtum,
1213 2281 1264 2366 (in
1279 2277 1393 2350 borum
1409 2303 1541 2352 numero
1555 2281 1682 2352 Hiero·

415 2401 539 2543 'libb
552 2378 595 2542 'd
608 2375 1131 2546 {isilef‘ititi”³‘ii¹¹i⁵
1146 2373 1677 2560 ’illibllmlllltl

415 2477 878 2667 bucadnbzaiemPtosely'biitn,
903 2499 1227 2652 imdblvimsibtum
1241 2529 1407 2657 tradidisse,
1432 2527 1678 2672 infest'entp.
1807 2529 1809 2558 i

415 2667 597 2736 Wcments
620 2664 792 2753 Rollinck,
816 2665 995 2740 Monachus
1010 2671 1089 2738 inter
1103 2669 1213 2742 ‹1on
1226 2663 1272 2736 sui
1287 2661 1388 2738 seculi
1404 2661 1494 2738 facile
1511 2669 1679 2765 princepe,

415 2781 551 2836 maone
601 2764 665 2832 His
689 2764 857 2862 privilegiis
879 2766 993 2836 muniti
1013 2763 1114 2856 Judaei
1135 2762 1283 2836 omnibus
1301 2764 1388 2850 illis,
1413 2789 1484 2862 que
1498 2763 1537 2834 ad
1553 2765 1680 2838 cultum

414 2859 755 2956 Divinutnpertinent,
779 2857 843 2932 sola
857 2857 1020 2946 sacrificia,
1044 2885 1114 2957 qua
1129 2858 1270 2932 obstante
1286 2859 1371 2957 lege,
1398 2865 1493 2931 Dent.
1508 2881 1578 2956 erp.
1598 2865 1678 2934 att.

415 2979 447 3024 n.
459 2963 589 3053 13.&e.
599 2963 688 3031 XVI.
696 2982 726 3030 n.
741 2977 771 3052 ς.
788 2978 871 3028 extra
886 2955 1016 3045 urbem,
1032 2963 1066 3028 δι
1084 2958 1235 3054 templum
1251 2957 1415 3028 accendere
1432 2953 1534 3044 nefas,
1548 2953 1571 3026 li
1590 2960 1679 3030 exci-

414 3052 479 3147 pias
495 3105 505 3137 ,
538 3054 705 3126 utebantur
718 3053 875 3126 liberrime
889 3105 901 3141 ,
926 3055 1020 3153 idque
1033 3051 1090 3126 sub
1105 3051 1258 3128 Pontifice
1273 3049 1320 3127 sui
1335 3055 1486 3154 generis,
1514 3053 1677 3150 Joudoco

414 3151 519 3245 magni
532 3152 613 3223 illius
627 3148 728 3246 Josna
736 3205 748 3238 ,
774 3154 830 3320 pui
845 3150 975 3224 recidiva
990 3148 1206 3246 Hierosolyma
1220 3175 1294 3221 eum
1312 3147 1507 3222 Zorobabele
1515 3147 1680 3238 condidit,

391 3249 514 3337 „Patre”
540 3247 578 3317 de
593 3273 659 3344 quo
676 3247 716 3319 fic
732 3247 930 3346 Joeplmsd.
944 3237 1058 3320 teb.'·X.
1075 3269 1143 3346 rep.
1161 3251 1208 3318 ll.
1260 3254 1327 3317 Rex
1341 3245 1523 3348 Babylonem
1537 3249 1676 3342 reversus

409 3345 520 3436 popule
539 3343 623 3431 fides
645 3345 810 3432 etnibnie,
848 3344 1082 3440 pontificemque
1101 3345 1374 3416 vineariis—eximie.
1422 3350 1472 3419 At
1487 3343 1540 3414 cui
1559 3342 1675 3430 bone,

415 3434 471 3507 nist
485 3459 522 3508 ut
537 3433 623 3510 sacris
637 3439 791 3535 praeesset?
817 3442 914 3515 Unde
931 3451 962 3513 δι
978 3440 1029 3512 hic
1043 3439 1220 3531 Jozadocus
1233 3467 1250 3510 a
1263 3437 1402 3538 Josepho
1415 3439 1522 3512 album
1538 3437 1674 3516 Pontifi·
1807 3461 1808 3470 ³

413 3557 488 3606 cum
504 3534 696 3622 recensente,
721 3538 800 3608 inter
813 3535 983 3619 Pontifices
999 3560 1196 3624 nuberetur,
1221 3533 1403 3634 sacrumque
1420 3536 1503 3612 bunc
1521 3535 1677 3611 honorem

414 3637 447 3706 in
465 3630 566 3702 filium
583 3629 709 3728 josuam
723 3657 761 3704 ex
776 3635 844 3728 lege
862 3633 1020 3721 Mosaica,
1046 3634 1306 3717 eodemaudiote,
1332 3632 1504 3708 mosmistt

459 3730 533 3799 Fuit
552 3753 696 3824 praetetea
719 3726 867 3802 Pontifex
889 3727 1095 3804 secundaneus
1110 3730 1189 3802 lddo
1203 3729 1265 3802 scil.
1282 3730 1333 3802 ille
1342 3784 1353 3818 ,
1380 3755 1475 3830 quem
1491 3733 1524 3804 in
1541 3729 1677 3830 Cespbia

411 3827 563 3922 plurimos
585 3825 789 3917 Sacerdotes,
814 3829 956 3915 Levitae,
982 3835 1016 3900 δι
1037 3827 1229 3902 Nathioaeos
1242 3823 1298 3918 sub
1315 3826 1565 3902 mmubabuiflc
1581 3853 1677 3901 com·

1396 3982 1402 3990 .
1602 3948 1674 3996 me-
