3624 4736
383 219 1155 312 HieronicoTirtoiooioi;
1338 239 1424 344 243'

149 393 267 468 porum
288 366 430 442 dodlrina
445 369 631 469 opiniones,
656 369 697 442 ab
715 373 780 444 aliis
796 369 1067 446 celeberrimorum
1085 371 1367 472 Clironologorum
1386 379 1423 448 dc

151 464 425 563 computistarum
440 471 569 564 receptis
585 465 741 542 sententiis
754 469 903 558 diversas,
926 472 1078 558 intendo,
1104 470 1143 544 de
1158 470 1274 570 quibus
1289 493 1351 568 ego
1369 467 1438 551 us-,

151 589 213 662 que
228 565 306 636 adeo
322 561 472 637 sollicitus
488 589 555 636 non
570 562 661 652 sum,
690 569 770 666 quin
784 569 850 640 aliis
867 568 974 640 haruin
983 593 1085 640 rerum
1092 566 1311 666 peritioribus,
1330 569 1418 664 plus-

151 685 215 758 que
241 663 302 734 otii
316 660 521 749 habentibus,
545 664 725 736 eaelubens
741 663 947 755 dijudicandus
973 667 1155 764 relinquam.
1208 666 1276 736 lllas
1297 687 1418 736 tantum

152 759 282 844 innuo,
307 781 382 859 quus
397 763 448 832 vel
463 764 497 831 in
520 759 704 859 quibusdam
726 765 890 860 Scriptura
907 764 984 833 locis
1001 764 1099 833 aliene
1116 763 1295 860 explicatis,
1320 764 1370 834 vel
1386 763 1419 833 in
1448 849 1451 852 ,

152 857 313 927 nonnullis
330 854 547 956 dogmatibus,
572 856 689 955 quibus
707 864 806 949 major
823 863 900 932 meis
916 882 990 930 cum
1008 858 1116 932 studiis
1134 858 1265 930 affinitas
1288 860 1422 931 interce-

151 949 218 1036 dit,
243 950 410 1026 observavi.
444 960 529 1024 lnrer
542 954 595 1024 lias
608 955 676 1027 duae
692 953 779 1042 sunt,
805 981 874 1054 quae
889 959 1043 1056 giaviorcs
1061 957 1168 1027 ceteris
1183 951 1251 1029 visae
1269 959 1419 1043 majorem

153 1049 189 1118 in
210 1050 341 1122 modurn
358 1049 546 1147 displicuere.
597 1055 688 1123 Prior
705 1052 750 1123 cll
766 1053 806 1125 de
820 1053 896 1125 feria
919 1057 1041 1146 σωτηριέ
1060 1051 1212 1125 Pallionis
1227 1053 1368 1121 Domini
1384 1073 1420 1121 ac

154 1147 323 1217 Semtoris
341 1145 438 1220 nostri
461 1147 547 1245 Juso
568 1149 747 1236 Crinisri,
773 1157 807 1222 dc
821 1148 987 1222 interstitio
1004 1154 1085 1223 inter
1100 1146 1179 1220 hanc
1195 1173 1229 1219 ac
1247 1148 1330 1220 diem
1347 1149 1421 1245 glo-

153 1241 240 1313 riosae
258 1241 392 1332 ejusdem
411 1243 648 1318 resurrectionis.
685 1245 847 1320 Christum
864 1251 949 1320 enirn
964 1274 1031 1320 non
1046 1244 1127 1318 sexta
1144 1244 1239 1332 feria,
1265 1246 1353 1343 quod
1366 1243 1422 1316 ha-

153 1339 264 1410 uenus
279 1337 416 1414 universa
430 1342 558 1415 credidit
573 1343 723 1431 Ecclesia,
749 1341 800 1418 sed
815 1348 941 1446 quinta,
965 1370 1033 1416 non
1050 1345 1100 1417 die
1116 1345 1268 1427 Veneris,
1294 1339 1345 1413 sed
1361 1340 1423 1438 Jo-
1546 1353 1548 1357 ’

156 1439 223 1547 sis,
249 1459 310 1532 pro
318 1442 455 1604 speccaris
466 1439 567 1511 Orbis
575 1438 719 1608 pallum,
744 1465 803 1512 nec
818 1439 937 1558 duabus
957 1439 1224 1556 sultunnodtibus
1243 1445 1278 1509 dt
1294 1463 1356 1508 una
1373 1437 1423 1509 die

154 1535 367 1704 iin‘girssnfd
383 1535 1117 1732 *riwaltnilldllitfflill
1135 1533 1425 1730 diffidi}

159 1725 294 1798 adierint
308 1724 421 1801 absona
434 1733 662 1826 interpretatio,
690 1756 752 1829 qua
769 1731 895 1828 perfidis
911 1732 1026 1831 Judsis
1043 1729 1243 1803 commodior
1257 1727 1425 1824 nullasup-

159 1823 289 1917 pedicari
304 1848 424 1922 poterat
440 1828 477 1898 ad
492 1828 703 1900 declinandam
719 1831 785 1899 vim
799 1826 898 1900 nostri
913 1832 1104 1927 argumenti,
1161 1827 1202 1897 od
1213 1825 1358 1896 haetenus
1365 1847 1427 1922 pro

158 1919 294 1992 ademtis
309 1921 428 1995 Meffiae
444 1921 682 1996 demonstrando
697 1921 828 1995 feliciter
844 1925 915 1996 inde
932 1926 1101 1997 inunum
1150 1926 1180 1995 't.
1207 1923 1351 2020 Reliquae
1362 1947 1428 1991 re-

159 2017 281 2104 ράδοξοι
304 2021 432 2119 quidem
447 2029 481 2091 δι
499 2023 730 2111 incommode,
758 2033 810 2106 (iit
825 2019 903 2092 nihil
916 2026 1037 2119 gravius
1054 2021 1172 2108 dicam)
1188 2023 1304 2091 minori
1321 2039 1427 2091 umen
1505 2095 1510 2098 ,

160 2137 237 2186 cum
251 2119 390 2212 periculo
407 2120 579 2208 conjunctae
596 2115 675 2190 sunt
725 2121 797 2189 Scio
815 2118 942 2216 quidem
960 2143 1011 2188 me
1027 2142 1094 2188 non
1111 2117 1170 2186 elle
1189 2143 1281 2198 eum,
1306 2118 1358 2187 cui
1375 2123 1427 2206 ju-

161 2209 283 2285 dicium
297 2214 336 2286 de
352 2216 482 2294 alionum
499 2213 657 2286 laboribus
672 2213 752 2288 ferre
769 2218 942 2288 conveniat.
989 2217 1062 2285 Nec
1079 2238 1139 2310 ego
1157 2213 1189 2283 id
1206 2213 1284 2282 milii
1301 2235 1425 2308 arrogo.

161 2309 246 2380 Illud
261 2333 363 2383 earnm
381 2337 477 2382 nemo
494 2311 596 2382 bonus
612 2310 690 2384 milii
707 2315 787 2385 vitio
800 2331 922 2397 vertet,
948 2311 1036 2409 quod
1052 2309 1191 2382 libertate
1205 2310 1281 2393 illa,
1307 2331 1368 2404 qua
1388 2330 1430 2375 o·
1529 2383 1536 2390 ,

164 2431 254 2478 mnes
275 2407 428 2483 bonarum
445 2412 601 2481 literarum
618 2411 752 2482 cultores
766 2411 927 2509 gaudent,
953 2412 995 2479 irn
1020 2406 1223 2479 raesentiarum
1244 2401 1334 2486 usus,
1359 2423 1429 2475 tum

165 2527 274 2576 meum
290 2508 322 2576 in
337 2509 496 2578 nonnullis
512 2503 675 2578 dlllensum
694 2510 827 2606 ingenue
843 2531 877 2578 ac
894 2434 1031 2578 modede
1045 2503 1206 2601 profiteor,
1232 2523 1300 2572 tuin
1310 2500 1387 2600 quid
1396 2502 1431 2573 iii

165 2601 474 2704 alnu'anthuaeque
498 2605 657 2686 veritatis,
683 2609 735 2675 cui
752 2602 809 2676 soli
824 2606 901 2690 lito,
928 2601 1138 2674 defensionem
1157 2598 1257 2673 afferri
1271 2598 1355 2698 posse
1370 2594 1433 2668 sta·

167 2717 274 2786 tuam,
298 2699 424 2798 publice
439 2725 603 2868 exKonun.
637 2701 798 2772 Laudibus
808 2703 952 2772 Domini
967 2701 1080 2796 Langii
1097 2699 1269 2796 quidquam
1285 2696 1433 2794 derogare

165 2817 227 2907 uec
244 2801 306 2908 inei
324 2801 441 2965 inqenii
459 2824 476 2869 e
496 2851 520 2914 .’
546 2823 604 2869 nec
619 2796 770 2914 inllituti,
795 2801 852 2896 qni
867 2799 986 2895 semper
1004 2795 1148 2910 illiberale
1164 2795 1255 2906 duxi,
1281 2794 1433 2863 exitere

167 2889 324 3006 iudustnae
335 2919 363 3007 'o
386 2899 566 3012 trediauone
581 2897 713 2994 gloriam
730 2919 867 3010 captaret,
874 2921 945 3008 quo
961 2915 1064 2964 tomen
1079 2891 1155 2962 nihil
1173 2889 1267 2960 liodie
1284 2886 1436 3052 frquuqu:

166 2987 1433 3188 lle,liqlsslff‘lp‘lzn,¹1²5ildini,¹ll’pllnlff‘qil‘nrni

45 3253 51 3260 .
168 3185 332 3256 literarium
350 3210 604 3257 acfcommunem
618 3183 752 3256 nostiam
769 3187 897 3281 patriam
912 3185 1051 3263 ¹marimo
1065 3198 1250 3250 ornamento
1266 3176 1435 3247 aceniolu-

170 3303 282 3352 mento
305 3283 434 3355 mediore
455 3281 580 3379 poffinr.
632 3278 699 3378 lpse
713 3303 795 3353 certe
810 3283 948 3377 Longius
965 3277 1100 3348 nostram
1117 3273 1290 3346 libertatem
1303 3298 1362 3370 pro
1377 3273 1435 3346 suo

170 3380 306 3452 candore
322 3403 356 3450 ac
380 3379 527 3452 modestia
544 3403 623 3478 egre
639 3400 705 3449 non
719 3375 807 3448 feret.
850 3380 945 3446 ¹Nam
963 3378 1021 3472 qui
1037 3371 1099 3470 ipse
1116 3370 1173 3444 sibi
1186 3371 1266 3442 hanc
1281 3373 1438 3443 licentiam

170 3473 285 3564 sumit,
311 3498 347 3546 ut
370 3477 504 3548 celebres
522 3503 556 3550 ae
572 3473 700 3547 illustres
718 3477 750 3545 in
767 3499 800 3546 re
814 3474 943 3572 literaria
960 3475 1062 3556 viros,
1088 3471 1293 3568 scaligerum,
1319 3467 1440 3541 Cisau-

173 3573 318 3664 bonum,
343 3574 511 3660 Vosfium,
538 3573 791 3657 Montacutium,
815 3571 997 3654 Petusium,
1017 3570 1191 3655 Allatium,
1204 3567 1441 3652 Petinim‚Ca-

174 3676 312 3770 pelluni,
341 3681 403 3745 &c
420 3667 555 3743 censoria
570 3672 690 3770 virgula
705 3665 880 3765 sapiuscule
895 3664 1095 3767 perstringat,
1121 3673 1154 3737 δι
1170 3665 1272 3735 multo
1288 3685 1439 3734 nonnun-

175 3793 270 3867 quam
295 3769 353 3841 sale
369 3769 531 3866 perfricet,
557 3793 615 3839 nec
636 3770 756 3866 magnis
771 3766 950 3837 Gennaniae
964 3764 1158 3863 Theologis,
1183 3759 1370 3857 summoque
1387 3763 1439 3831 in·

175 3889 226 3938 ter
241 3891 294 3938 eos
310 3870 357 3938 D.
376 3867 580 3956 Cliemnitio,
604 3888 724 3964 parcat3
749 3867 816 3938 imo
832 3871 865 3936 dc
873 3854 1439 4029 ilnlqffimisacwmisiiffi

968 3982 985 4027 2
1379 3974 1444 4027 ³112
