3658 4726
244 288 252 300 .
359 217 431 303 Dr
459 217 737 304 Artemone
768 215 970 304 Sctnrrr
999 217 1214 334 Junsrcrl
1347 246 1431 334 ιο)

7 299 9 418 l
168 367 289 452 ditum,
313 369 349 436 dc
366 365 463 436 veluti
480 359 660 460 depolitum
671 359 799 436 tenuisse
813 365 1039 461 principatum,
1065 363 1229 438 somnians
1279 366 1338 440 Sed
1355 393 1436 465 pue-

6 499 7 502 *
171 467 212 537 ris
234 464 298 534 hec
315 458 504 558 persuadeat,
532 462 625 533 nobis
648 487 715 532 non
731 461 803 531 licet
819 461 877 531 elle
890 483 952 533 tam
968 466 1136 562 imperitis,
1162 486 1197 534 ut
1212 465 1433 561 principatum,

165 587 266 660 quem
277 562 373 632 totius
387 584 432 657 po
455 556 672 646 uliconsensu,
699 555 893 656 publicisque
901 556 1069 659 suffiagiis,
1094 559 1433 659 Maccabaeorumgen·

168 662 197 728 ti
212 659 348 732 delatum
404 660 413 673 '
468 656 522 728 lib.
535 679 566 727 r.
582 655 733 730 Maccaeb.
747 681 813 760 cap.
831 659 892 727 IX.
907 681 939 729 n.
951 659 1005 728 28.
1016 665 1122 756 &cap
1134 661 1434 756 XIILn.7.&cap.

174 759 265 828 XIV.
273 779 372 850 n.41.
389 775 477 826 certo
490 751 620 842 scimus,
646 755 811 826 Vitarium
825 749 913 824 fitille
928 756 1101 828 credamus.

221 851 342 924 Falsum
365 853 461 948 igitur
484 849 547 940 est,
571 856 639 924 imo
662 848 844 936 ablurdum,
871 851 1063 924 Maccabeos
1077 878 1132 950 per
1145 873 1320 926 maternum
1335 877 1435 952 genus
1466 863 1470 874 '

174 954 208 1022 in
225 949 438 1045 tribumJudae
453 946 605 1020 trarrliiffe.
655 953 767 1043 Lyram
784 946 834 1018 hic
855 948 1006 1035 deliralle,
1032 951 1109 1021 vidit
1123 951 1236 1021 Paulus
1251 950 1434 1049 Burgenfisa

172 1049 230 1118 alia
252 1071 328 1144 ergo
350 1048 399 1117 via
420 1044 659 1118 succurrendum
682 1043 740 1117 elle
765 1043 861 1117 tribui
878 1048 964 1142 ludar
978 1039 1107 1142 putavit.
1157 1049 1231 1117 Nec
1248 1045 1357 1118 desunt
1375 1047 1435 1118 viri
1474 1075 1476 1080 ·

173 1143 304 1231 eruditi,
328 1145 384 1241 qui
411 1141 504 1241 ipsius
528 1143 659 1216 duflum
685 1142 866 1240 sequentes,
892 1145 1069 1215 concedunt
1091 1146 1219 1242 quidem
1236 1143 1434 1216 Maccabeos

172 1241 212 1312 de
228 1238 312 1310 tribu
325 1237 414 1338 Judae
431 1265 498 1312 non
514 1237 618 1312 fuille:
644 1244 807 1336 Sceptrum
823 1263 925 1311 tamen
941 1243 986 1311 illi
1003 1240 1097 1311 tribui
1115 1267 1168 1337 per
1178 1241 1361 1334 synedrium
1368 1263 1438 1311 ma·

170 1361 293 1505 diis
309 1333 1086 1508 ,libili{1¹¹llill‘ltll3‘l3m2‘dll
1118 1339 1435 1506 lilim

177 1555 239 1627 qua
262 1534 381 1602 ratione
404 1529 559 1628 sceptrum
582 1488 750 1630 Synedrib,
776 1553 829 1602 aut
853 1459 947 1602 illiusp
959 1489 1195 1626 pralidintribui
1209 1529 1322 1626 poffit,
1371 1457 1437 1602 uoq

177 1628 372 1698 Maccabeos
387 1633 543 1727 principes
560 1628 688 1700 tenuiffe
705 1655 762 1700 nec
775 1651 907 1726 negant,
933 1651 990 1698 nec
1004 1651 1112 1698 contra
1128 1559 1438 1724 Scripnnaeatssiori·

178 1745 274 1794 tatem
294 1750 333 1796 ne
356 1749 406 1796 are
420 1725 569 1822 poliunt?
594 1727 712 1796 Dicant
727 1747 870 1822 praeterea
888 1723 1000 1811 nobis,
1027 1724 1142 1820 quibus
1157 1727 1345 1822 argumentis
1360 1749 1438 1820 pm-

175 1818 245 1892 bari
265 1847 310 1917 po
334 1843 375 1909 rt,
400 1825 518 1894 ultimis
533 1821 612 1893 bisce
627 1819 819 1919 temporibus
836 1823 884 1894 vel
899 1843 1003 1892 totum
1019 1823 1201 1918 Synedrium
1218 1847 1256 1891 ex
1273 1819 1336 1892 sola
1352 1821 1438 1894 tribu

177 1915 266 2014 Judae
281 1919 512 2017 conscriptiun,
538 1922 587 1992 vel
608 1917 712 1990 saltem
737 1920 818 1989 illius
843 1916 1018 2015 praesrdem,
1042 1921 1137 1990 alium
1163 1947 1180 1990 a
1201 1916 1438 1992 Pontificem

177 2011 302 2086 summo
327 2020 490 2115 Principe,
515 2015 654 2090 detribu
675 2017 788 2114 Judoe,
813 2023 847 2086 δι
872 2016 1005 2087 Davidis
1029 2013 1147 2088 familia
1164 2011 1251 2091 tuille
1265 2014 1438 2088 hannem

180 2113 275 2186 Plane
290 2113 463 2213 utrobique
479 2117 668 2187 contrarium
685 2115 788 2184 verius
804 2109 881 2195 elle,
905 2111 1059 2184 existimo.

229 2211 305 2282 Erat
329 2214 512 2305 synedrium
538 2209 642 2308 priscis
659 2209 869 2308 temporibus,
895 2209 1059 2280 eonsilium
1076 2209 1323 2306 exprincipibus
1338 2231 1440 2306 patet·-

182 2329 291 2378 ntnrm
312 2305 499 2380 familiarum
519 2304 734 2382 constitutum.
784 2308 872 2378 Nam
893 2331 969 2376 eum
995 2308 1132 2404 populus
1144 2307 1290 2397 judaicus
1307 2309 1339 2376 in
1359 2309 1439 2381 XII.

181 2402 297 2492 tribus,
322 2404 421 2476 tribus
433 2405 557 2505 singulae
572 2428 648 2476 vero
664 2409 696 2476 in
712 2404 779 2476 suas
792 2401 923 2475 familias
928 2457 939 2491 ,
965 2399 1151 2500 familiaque
1168 2401 1268 2476 trusus
1286 2403 1441 2475 indomor

182 2495 285 2572 divise
299 2499 412 2588 cllent,
422 2503 489 2600 Joj.
500 2508 618 2591 ΠΜ.
634 2517 684 2572 16.
694 2501 775 2573 libr
793 2507 940 2602 Reg.caep.
953 2509 991 2574 X.
1001 2526 1031 2571 n.
1046 2527 1100 2595 19.
1115 2498 1241 2598 singula
1254 2499 1352 2572 tribus
1368 2499 1442 2573 suos

179 2591 333 2669 babcbcnt
357 2603 531 2697 principes,
558 2607 733 2670 Numer.
744 2605 821 2690 4&
836 2603 1059 2692 capranna
1073 2623 1103 2668 2.
1122 2597 1388 2696 quemadmodum
1403 2605 1442 2670 dt

184 2691 309 2790 singtdz
323 2691 465 2781 familiae,
489 2697 561 2768 iuos
577 2698 695 2792 patres,
706 2697 763 2794 qui
779 2702 813 2766 dt
830 2694 885 2791 ipsi
902 2694 1134 2792 principes,ltd
1148 2717 1341 2791 paternarum
1349 2693 1444 2767 fami-

185 2791 294 2862 liarum
308 2792 520 2879 vocabantur,
547 2793 667 2890 Jerem.
685 2817 751 2896 ειφ.
768 2797 858 2862 XXI.
868 2817 898 2862 n.
913 2817 942 2862 r.
969 2797 1008 2861 I!
1023 2793 1136 2863 Chmn.
1155 2795 1250 2862 XIX.
1266 2793 1340 2862 n.8.
1356 2797 1441 2884 Esne.

186 2893 382 2988 capHXm.
395 2913 450 2981 29.
472 2897 506 2961 &
519 2897 654 2962 σλιπ.
671 2915 698 2961 r.
725 2887 862 2987 alibique
875 2887 993 2984 pallini.
1020 2891 1069 2959 Ex
1086 2888 1134 2959 his
1150 2885 1221 2984 iplis
1238 2907 1342 2960 autem
1355 2889 1445 2984 prin-

538 2983 1056 3082 u
1070 3082 1336 3174 ,s

188 3107 222 3152 re
322 3109 411 3152 am.
456 3110 538 3155 .c.
598 3109 711 3156 .n.r.
793 3137 801 3152 .
934 3106 983 3150 on.
1027 3109 1088 3151 en
1129 3105 1170 3150 .e.
1268 3105 1350 3150 .r.
1394 3103 1442 3152 .n.

193 3188 246 3248 16.
268 3183 302 3249 dc
320 3179 452 3253 Nabal.
469 3109 687 3282 iribre'nce'pie,
712 3179 768 3252 ubi
785 3177 924 3274 Synedrii
938 3177 1030 3266 hujus
1039 3109 1143 3272 {ratres
1160 3171 1264 3248 foedus
1282 3177 1445 3250 cumDso

188 3277 302 3346 initum
318 3275 381 3347 boc
399 3279 509 3350 ordine
522 3277 702 3378 obsignant,
726 3299 764 3346 ut
776 3278 913 3373 primum
927 3273 1105 3344 Sacerdotes
1114 3270 1300 3360 ,seecundum
1317 3277 1445 3361 Levita,

187 3379 221 3442 dt
239 3375 387 3446 tdtimum
402 3377 527 3448 demum
543 3378 650 3446 locum
665 3376 818 3471 principes
826 3393 1018 3469 patemarum
1028 3367 1213 3442 familiarum
1223 3395 1370 3444 tenerent.
1395 3373 1446 3443 Ex

187 3495 256 3568 quo
273 3497 339 3542 non
350 3495 470 3544 tanturn
486 3499 556 3571 quae
571 3493 646 3543 tunc
662 3473 815 3568 temporis
825 3470 1053 3566 praeeminentia
1068 3467 1166 3540 tribus
1182 3473 1260 3542 tevi
1274 3467 1384 3554 fucrit,
1394 3466 1446 3540 sed

187 3570 327 3664 Synedrii
348 3575 514 3642 maximam
529 3593 659 3668 quoque
674 3589 794 3666 partem
808 3592 846 3636 ex
863 3568 944 3638 illius
962 3565 1061 3637 tribus
1075 3561 1306 3652 sacerdotibus,
1331 3573 1366 3637 δι
1383 3569 1450 3634 Le·

187 3668 261 3740 vitis
274 3667 437 3739 oolledlam
454 3665 541 3738 fuille
555 3664 749 3738 dilucidatur.
798 3665 877 3738 Erat
888 3687 984 3761 porro
999 3666 1033 3736 in
1048 3661 1171 3736 summo
1187 3664 1249 3736 hoc
1264 3657 1450 3732 consistorio

303 3817 313 3850 ,
340 3769 397 3863 qui
421 3763 525 3862 priscis
542 3761 735 3860 temporibus
756 3761 882 3849 Moses,
905 3769 940 3833 1&
956 3761 1026 3857 poll
1040 3763 1150 3847 illum,
1174 3761 1333 3858 supremus
1351 3759 1451 3858 quili-

260 3865 371 3962 populi
385 3860 528 3961 dynasta,
548 3861 675 3956 Johova
690 3857 730 3934 lic
744 3861 922 3948 ordinante,
947 3863 1044 4026 geue.
1054 3861 1162 3934 XVII.
1171 3882 1202 3930 n.
1210 3863 1285 3950 9.&
1297 3881 1309 3928 r
1319 3881 1366 4027 af
1382 3955 1384 3960 Ι

519 3982 523 3992 ·
986 3979 1028 4026 ee
1053 3977 1074 4024 a
1368 3979 1457 4030 orma
