3624 4736
413 225 500 328 264
606 201 1574 327 Joucu.Wuuout1u1Dr'amue
1664 211 1667 218 '

409 362 474 432 lem
493 355 632 440 Christi,
658 383 691 427 ac
708 359 767 426 Vi.
778 351 933 450 Januarii,
958 344 1107 422 advenisse
1120 371 1179 443 pro
1196 368 1284 418 certo
1299 345 1508 438 afirmemttt,
1533 355 1623 454 quod
1632 363 1678 430 tud

410 483 485 529 men
501 458 641 552 Langius
655 451 756 523 secure
771 449 920 523 asseverat
970 453 1163 544 Quanquam
1176 449 1262 518 enim
1275 445 1463 542 impossibile
1479 473 1547 522 non
1562 449 1677 541 fuerit,

388 597 390 604 ,
407 578 448 626 ut
471 556 561 651 Magi
578 556 656 624 intra
673 554 763 621 xut.
780 573 796 617 a
812 569 885 618 nato
898 545 1060 616 servatore
1075 543 1158 614 diem
1172 569 1191 614 e
1209 538 1308 616 Persia
1323 545 1474 656 appellere
1487 547 1677 642 potuissent,
1723 566 1731 596 1'

412 655 527 766 partim
544 652 619 762 quia
635 647 733 728 siella,
744 644 938 812 'tantisuisieg'is
952 643 1159 810 quncia,ante
1175 638 1270 737 ipsius
1283 643 1476 812 qauritltthem
1490 646 1676 810 pompeiis,

409 750 482 916 ¹dloorrs
493 748 800 938 dilfilledrlsapdnrtffi
816 759 1375 937 qucilrpilrerrdrdllinbilixlltraordrddjdrrllltrlmil
1386 747 1677 934 velodledtelddffit

410 945 493 1014 viam
510 942 599 1012 iliam
617 941 744 1011 celerius
760 938 880 1007 emetiri
896 959 963 1006 non
979 955 1043 1006 erat
1058 931 1202 1018 difficile,
1227 955 1264 1004 ut
1279 931 1318 1006 dc
1333 937 1479 1033 peculiari
1494 937 1604 1012 divino
1617 967 1676 1014 au·

410 1041 488 1110 uilio
505 1035 583 1110 nihil
599 1039 717 1111 dicam:
743 1033 775 1106 id
790 1055 893 1106 tamen
909 1057 976 1109 uon
991 1027 1188 1106 necessarium
1200 1027 1398 1118 arbitramur,
1423 1034 1592 1110 advenum
1599 1040 1677 1112 Ma·

409 1161 526 1232 gotum
543 1156 606 1206 tam
625 1135 712 1208 brevi
728 1132 881 1228 temporis
898 1128 997 1226 spatio
1014 1129 1184 1214 coactare,
1210 1153 1284 1202 euru
1298 1132 1385 1202 nulla
1399 1130 1526 1204 evidens
1541 1135 1621 1206 ratio
1639 1139 1675 1212 in

408 1229 480 1306 isiae
505 1229 660 1330 angustias
678 1255 738 1300 nos
761 1231 872 1324 adigat
924 1223 1124 1298 Suffeceritsr
1148 1223 1296 1298 illustrem
1319 1225 1398 1302 hanc
1411 1231 1550 1302 Domini
1567 1257 1673 1307 recent

410 1334 476 1402 nati
489 1329 668 1418 ἐπιφάνειαν
686 1330 765 1398 intra
781 1327 950 1396 terminum
968 1321 1194 1419 purificationis
1210 1326 1280 1422 lege
1292 1326 1396 1397 divina
1411 1327 1614 1424 imperatum,
1636 1338 1674 1406 δε
1731 1411 1732 1414 ¹
1808 1399 1809 1406 ,

1794 478 1806 897 ἰ

408 1429 539 1524 Virgini
553 1429 643 1497 metri
658 1420 802 1519 religiose
818 1418 1031 1508 observaturi,
1055 1417 1216 1518 contigisse
1229 1423 1384 1504 mamus,
1397 1425 1543 1496 licetnon
1553 1449 1675 1504 certum
1796 1454 1802 1481 ι

390 1585 391 1588 ,
409 1524 547 1621 aliquem
564 1549 601 1593 err
617 1521 677 1593 isto
694 1521 854 1592 intervallo
863 1519 946 1589 diem
956 1517 1262 1591 eracledtfiniamus.
1288 1523 1338 1590 Sic
1349 1518 1591 1617 Chrysostomus
1600 1529 1674 1595 Ho-

411 1623 481 1689 mil.
495 1645 527 1707 7.
552 1625 586 1690 in
605 1613 949 1712 Matthaumsspatium
967 1615 1043 1688 iilud
1059 1619 1128 1686 XL.
1146 1615 1266 1688 dierum
1281 1615 1512 1717 designat,quo
1529 1619 1675 1696 Christus

411 1713 610 1790 Bethlehemi
634 1741 709 1787 cum
729 1713 912 1786 Parentibus
927 1709 1111 1801 substiterit,
1135 1730 1195 1787 τοῖς
1219 1716 1398 1806 deterrime
1420 1717 1678 1814 περιεργάζεσθαι

408 1817 495 1886 araur
510 1814 570 1907 ptl'
587 1811 742 1896 euscius
754 1814 785 1895 ἐξ
800 1807 893 1902 tugen
909 1808 1037 1880 druria.
1063 1817 1101 1881 In
1110 1809 1165 1882 hac
1175 1836 1242 1910 quo
1267 1837 1306 1882 ue
1314 1812 1570 1888 detemainatione
1578 1817 1673 1889 Gro-

409 1912 491 1982 tium
506 1907 696 2009 acquiescere
711 1908 847 1983 adverto.
874 1909 993 2005 Neque
1007 1909 1092 1978 enim
1110 1930 1172 1980 tam
1187 1837 1286 2006 rigide
1299 1913 1346 1984 vis
1359 1907 1463 1983 aon'lii
1479 1913 1560 1984 illius
1575 1913 1671 1986 Gra-

412 2011 461 2093 ci,
487 2033 554 2105 quo
567 2011 667 2080 utitur
682 2004 867 2090 Marhaeus,
891 2004 968 2077 dum
988 2004 1063 2080 dicit
1080 2002 1102 2081 Ξ
1119 2003 1200 2082 'lteri
1216 2007 1672 2099 ytnnatrtnstcafiubono,

409 2104 526 2176 voffio
542 2106 590 2176 vel
607 2107 731 2203 Langio
747 2105 850 2270 urgeri
864 2098 986 2214 potesl,
1010 2122 1047 2172 ut
1063 2102 1100 2176 ad
1116 2108 1209 2217 lilii.
1225 2104 1309 2177 diem
1325 2104 1446 2202 praecise
1461 2105 1671 2206 reslringatur,

409 2197 1101 2397 iliiilitliivlllll‘ulffitl
1113 2199 1670 2398 smirllilli‘llfllisll

406 2397 500 2467 talem
523 2397 665 2469 adoratus
686 2423 704 2466 a
720 2395 839 2492 Magis,
864 2395 921 2490 qui
937 2399 971 2464 δι
986 2389 1095 2466 urbem
1110 2393 1383 2491 Hierosolymam,
1408 2403 1442 2467 &
1458 2398 1598 2472 Herodis
1613 2425 1670 2472 au·

406 2493 488 2582 lam,
515 2495 653 2564 tumultu
676 2492 714 2562 de
728 2493 817 2588 Rege
832 2513 906 2560 nato
920 2492 1169 2588 compleverant,
1194 2489 1299 2589 postca
1311 2491 1348 2566 ad
1364 2495 1428 2566 dies
1439 2517 1495 2580 27.
1512 2498 1673 2596 integros,

407 2585 560 2686 usquead
576 2586 847 2685 purificationem,
871 2585 1064 2659 Bethlehemi
1075 2613 1287 2660 commoratus
1299 2587 1419 2676 fuisset,
1447 2593 1536 2689 quod
1552 2591 1670 2666 necesse

409 2688 636 2771 erat,omnino
651 2684 714 2755 fine
729 2683 870 2780 periculo
887 2689 922 2754 &
940 2682 1103 2756 manifesto
1111 2684 1284 2758 discrimine
1291 2711 1358 2760 non
1367 2684 1480 2760 fuisset.
1502 2692 1668 2765 Herodem

407 2784 493 2854 enim
511 2780 668 2854 curiosum
682 2778 749 2853 satis
763 2789 797 2852 δι
813 2779 997 2878 fitagentem
1005 2836 1016 2870 ,
1041 2808 1115 2853 cum
1131 2783 1169 2854 de
1178 2809 1293 2882 regno,
1318 2807 1354 2855 ut
1361 2785 1503 2875 rebautr,
1526 2783 1669 2860 auferen-

408 2879 452 2951 do
474 2900 634 2977 ageretur,
658 2881 750 2950 latere
774 2905 840 2950 non
854 2898 993 2974 poterat,
1019 2905 1076 2952 nec
1095 2878 1134 2950 ab
1150 2879 1264 2954 insidiis
1282 2887 1316 2952 δι
1333 2885 1365 2954 vi
1379 2904 1483 2980 aperta
1497 2905 1583 2956 tutus
1596 2885 1665 2958 esse.

359 3041 362 3048 .
408 2979 477 3069 Qui
505 2974 668 3048 Christum
692 3003 709 3048 a
732 2978 837 3071 Magis
854 2979 887 3046 in
902 2972 1028 3073 prasepi
1045 2980 1207 3048 inventum
1224 3003 1259 3050 ac
1276 2977 1435 3052 adoratum
1449 2978 1604 3068 scribunt,
1629 2981 1668 3056 ab

405 3077 497 3145 omni
513 3076 632 3149 ratione
643 3069 859 3146 destituuntur.
894 3071 931 3144 ld
948 3095 1050 3144 tamen
1065 3074 1195 3146 licentiae
1209 3077 1350 3148 oratoriae
1367 3075 1538 3150 condonari
1552 3079 1665 3175 potest.

405 3169 516 3244 Nobis
531 3173 647 3243 incerta
662 3167 748 3268 sequi
765 3167 942 3242 consultum
959 3195 1024 3242 non
1041 3169 1170 3242 videtur.
1196 3172 1417 3246 Traditionem
1432 3174 1471 3246 de
1487 3180 1583 3250 V111.
1617 3177 1664 3248 Id.

405 3269 563 3364 Januarias
588 3293 655 3339 non
678 3269 850 3358 rejicimus,
877 3292 934 3337 nec
949 3289 1053 3339 tamen
1077 3289 1114 3338 ut
1130 3267 1325 3342 certissimam
1347 3270 1551 3346 admittimus.
1599 3275 1667 3346 Sic·

407 3387 470 3461 que
497 3387 552 3447 co,
579 3389 736 3461 quorem
761 3365 999 3447 declaravimus,
1026 3365 1124 3436 modo
1147 3367 1252 3438 omnia
1267 3369 1301 3438 in
1316 3365 1456 3442 Historia·
1473 3372 1666 3469 Magorum,

406 3462 499 3532 ctiam
521 3461 627 3556 quoad
655 3480 778 3556 tempus
801 3461 968 3547 adventus,
994 3464 1083 3558 plana
1110 3485 1209 3535 erunt.
1260 3466 1429 3550 Alterum,
1455 3466 1578 3566 dequo
1592 3493 1666 3540 cum

403 3559 530 3655 Langio
560 3564 795 3650 rvporaoaoyeir
812 3559 945 3654 placuit,
971 3555 1100 3632 siritiim
1116 3560 1323 3658 expediemus.
1375 3563 1491 3636 Asserit
1506 3564 1532 3634 is
1543 3588 1576 3668 p.
1584 3566 1665 3660 428.

404 3658 586 3726 Simeonem
614 3654 721 3737 illum,
747 3655 804 3752 qui
819 3651 982 3726 Christum
998 3655 1149 3730 infantem
1165 3657 1378 3732 aparentibus
1398 3663 1432 3730 in
1447 3682 1511 3732 tem
1534 3663 1568 3732 lo
1584 3687 1663 3760 prae·

406 3747 559 3824 sentatum
574 3751 657 3823 ulnis
673 3753 854 3848 complexus
870 3751 982 3822 dicitur
997 3761 1072 3826 Luc.
1089 3757 1136 3841 II,
1149 3774 1202 3848 25.
1218 3751 1308 3827 fuisse
1323 3754 1494 3830 celebrcm'
1520 3755 1667 3830 tunRab-

404 3847 465 3919 lau
479 3856 649 3922 Simeonem
666 3851 853 3922 Gamelielr's
860 3865 1038 3948 parentent,
1061 3854 1572 3934 animumanimumum.
1598 3857 1667 3926 Ex-

1563 3951 1669 4051 pedite
