3624 4736
268 259 665 351 Haascannr
724 258 1139 345 Contruorr
1296 281 1390 371 1952

97 406 163 484 fitis
177 401 422 480 consmtaneum
435 402 569 478 historia
586 405 710 488 sicne,
735 402 892 476 Tirasrum
915 429 1018 476 rerum
1041 403 1130 477 fiiiffe
1154 405 1293 502 potitum
1319 427 1375 500 per

100 513 296 608 AEgyptum3
321 504 444 576 videtur
460 506 548 574 enim
561 502 667 597 potius
684 500 837 598 suppetias
856 499 984 576 votuisse
1004 496 1083 575 serre
1106 504 1255 600 AEgyptio
1279 503 1376 600 regi,

100 605 184 678 idem
201 600 286 676 forte
300 626 443 683 tumeo,
458 625 556 698 quem
566 596 783 694 Megasthenes
797 599 878 697 apud
904 596 1088 672 Strabonem
1111 601 1134 670 ἱ.
1149 621 1201 699 35.
1225 616 1378 670 memorat

100 698 302 776 Tiarkonem
320 697 522 798 AEthiopcm,
548 699 607 797 qui
624 695 821 792 expeditione
837 692 973 794 suscepca
989 695 1026 768 ad
1042 699 1191 768 Herculis
1209 697 1305 796 usque
1321 721 1378 769 co-

107 799 233 874 lumnas
253 798 438 896 pervenerit

157 895 213 970 Ad
228 893 291 968 boc
305 901 390 986 juxta
406 889 635 966 Mmethonem
649 888 824 963 Salomonis
838 896 871 961 dc
888 889 1077 964 Rehabeami
1101 913 1187 964 atate
1212 918 1279 964 non
1301 893 1378 964 vixit
1497 965 1500 972 ,

108 989 272 1081 Sesostris,
298 1014 352 1064 aut
366 991 477 1090 aliquis
484 989 680 1087 expeditione
689 989 723 1060 in
740 984 931 1060 Palaestinam
945 985 1145 1074 suasurus,
1171 991 1239 1061 imo
1253 991 1378 1062 nonvi-

101 1092 156 1163 ,xit
163 1084 276 1188 aliquis
285 1143 296 1176 ,
315 1090 376 1175 cui,
395 1083 537 1193 quaefuit
552 1087 689 1158 nominis
696 1083 826 1158 affinitas
844 1109 917 1156 cum
933 1085 1035 1173 sesak,
1048 1087 1146 1160 Sacris
1154 1087 1247 1159 literis
1256 1109 1381 1185 memo:

111 1207 187 1260 fito.

159 1293 265 1358 Porro
279 1309 349 1383 quae
366 1281 404 1354 de
419 1279 580 1354 Paiiorum
598 1287 632 1352 &
646 1279 829 1374 Judaeocum
843 1305 880 1351 ex
889 1285 1028 1379 AEgypto
1044 1283 1077 1353 in
1087 1281 1276 1354 Palaestinam
1285 1277 1382 1354 trans-

112 1383 161 1460 itu
177 1407 216 1454 cx
231 1379 427 1456 Manethone
448 1367 541 1450 re'sert
563 1375 735 1478 Jostphus,
762 1379 812 1448 illa
829 1379 975 1477 utiquea
997 1381 1094 1451 Sacris
1115 1377 1250 1455 idionis
1274 1377 1384 1450 absunt

225 1475 414 1578 songiffime.
465 1479 643 1549 Vanitatem
668 1499 800 1576 quoque
817 1499 928 1546 eorum
938 1475 1090 1548 omnium
1115 1499 1253 1551 accurate
1276 1475 1383 1548 osten-

113 1505 332 1672 ffiosephus
349 1576 735 1674 l.1.c0nrraApionem..
767 1573 848 1646 Non
865 1574 1032 1644 convenire
1047 1595 1198 1672 praeterea,
1208 1599 1281 1645 cum
1292 1569 1394 1668 Assy-—

114 1679 234 1748 riorum
244 1669 526 1759 etiambiiioriaid,
568 1670 633 1762 uod
651 1670 714 1743 ibis
755 1673 816 1741 'tur
831 1670 869 1741 de
885 1667 1081 1764 Assyriorum
1089 1677 1228 1764 jamtum
1242 1670 1386 1743 me'tuen-
1449 1753 1452 1761 y

118 1773 158 1844 da
173 1771 332 1870 potentia,
357 1794 396 1840 ex
411 1767 499 1866 supra
507 1698 727 1840 didisestcsui
753 1760 884 1838 rmumc‘
921 1765 1014 1837 uibus
1029 1765 1239 1853 ostendimus,
1256 1793 1322 1839 non
1331 1763 1386 1838 su·

116 1866 171 1942 isse
187 1869 263 1941 illud
278 1868 446 1966 imperium
462 1891 582 1964 magnae
603 1867 832 1963 amplitudinis,
857 1792 922 1934 nisi
936 1865 1055 1935 ultimis
1077 1889 1157 1962 pene
1173 1863 1397 1963 temporibus,·;

103 1988 279 2138 .fflm
295 1967 352 2133 i‘is'
370 1961 486 2062 quibos
504 1958 694 2130 spesoasraut
708 1963 834 2061 Judaeos
858 1961 926 2035 rust
941 1985 979 2032 ex
996 1969 1135 2060 AEg'ypto
1155 1963 1294 2064 migrasse
1308 1965 1384 2034 Ma-

336 2085 411 2132 aeeo
426 2081 498 2139 eom
534 2085 586 2132 ura
632 2085 672 2132 ra.
1054 2085 1061 2105 ³

170 2161 270 2234 cene
287 2085 601 2246 niiriiest3curivflne
660 2157 692 2230 ai
701 2155 771 2253 plus
779 2153 852 2227 fidei
861 2153 970 2227 debeas
977 2181 1072 2256 quam
1081 2155 1272 2250 Herodoto,
1286 2165 1389 2257 quari-

118 2261 240 2334 mmsis
256 2278 535 2330 monumentorum
551 2281 589 2326 an
606 2258 612 2271 '
660 2279 752 2326 orum
768 2253 901 2324 sessione
917 2248 977 2323 sese
992 2255 1187 2342 jastitaverim
1213 2255 1263 2325 vei
1276 2279 1389 2353 genere

124 2358 294 2458 AEgypcius
308 2351 420 2438 fuerit,
437 2359 470 2424 &
489 2353 637 2450 dignitate
650 2349 798 2427 sacerdos.
825 2351 998 2422 Enimvero
1014 2375 1110 2421 omne
1117 2351 1192 2423 illud
1201 2347 1403 2423 sacerdotum

121 2481 222 2556 gentis
236 2451 319 2524 nulia
334 2447 475 2550 polluisse
493 2445 587 2520 solida
604 2450 761 2533 dodirina,
787 2447 836 2520 sed
854 2451 987 2519 vanitate
1003 2443 1147 2519 sabortsse
1170 2471 1267 2547 quam
1290 2451 1401 2520 maxi-·
1529 2505 1531 2510 ,

123 2579 196 2639 me,
219 2559 254 2622 δι
271 2546 413 2646 turpibus
429 2547 596 2618 mendaciis
614 2542 759 2618 affediasse
774 2543 906 2616 scientiae
929 2547 1114 2646 opinionem
1130 2546 1164 2616 in
1179 2547 1293 2657 vulgus
1309 2597 1320 2634 ,
1352 2545 1400 2617 li·-

123 2647 229 2754 quido
249 2649 319 2718 alias
334 2641 587 2717 demonstramus.

174 2745 270 2820 Abos
287 2745 501 2842 AEgyptiarum
517 2765 619 2811 rerum
633 2737 795 2841 scriptores
811 2765 877 2812 non
892 2735 937 2812 est
972 2745 1085 2814 retium
1100 2766 1201 2839 opera
1215 2768 1292 2815 eum
1320 2745 1399 2814 He·

124 2841 245 2917 reduto
260 2839 463 2924 contendere,
488 2858 598 2934 utpote
616 2860 717 2938 quum
733 2861 830 2908 nemo
846 2765 989 2936 supersii,
1007 2865 1025 2911 a
1042 2866 1113 2938 quo
1126 2843 1225 2912 multa
1242 2840 1334 2932 hujus
1343 2838 1393 2910 ai·-
1486 2911 1492 2922 ,

124 2939 271 3043 gtmrenti
287 2939 376 3009 iiceat
390 2957 512 3032 petere,
525 2937 636 3032 quaein
653 2938 889 3006 contentionem
906 2957 1082 3007 mereantur
1097 2939 1211 3008 venire.
1261 2933 1321 3004 Sed
1348 2939 1405 3018 &,‚
1494 2966 1499 2975 ·

126 3041 185 3140 qui
199 3037 283 3108 inter
297 3061 352 3106 cos
366 3031 582 3105 celeberrimus
596 3027 658 3117 eii,
684 3029 838 3128 simulque
857 3037 889 3102 &
908 3029 1036 3128 ipsemet
1052 3029 1115 3103 suit
1132 3031 1398 3128 scpoppappoeerdc

127 3143 162 3208 δι
179 3131 281 3206 &mo
299 3131 480 3230 AEgyptius,
507 3127 696 3201 Chaeremon
711 3133 775 3220 ejus
793 3133 827 3198 dc
845 3123 963 3199 inscitia
980 3137 1014 3199 &
1028 3131 1225 3224 arrogantia,
1266 3129 1326 3200 sssis
1348 3121 1395 3198 est

129 3227 291 3304 coloribus
301 3230 445 3326 depidiaa
462 3221 613 3300 Strabone
627 3229 650 3298 s.
660 3247 719 3298 xvc
731 3251 758 3295 1.
781 3247 816 3294 ut
830 3247 921 3322 turpe
938 3221 1033 3294 fuerit
1046 3249 1118 3296 eum
1135 3225 1172 3296 iis
1189 3227 1393 3298 Herodotum

129 3331 340 3402 committere.
390 3323 507 3398 Unum
522 3328 717 3421 Artapanum
736 3320 853 3407 misor,
878 3323 936 3422 qui
951 3319 1160 3393 nasiusfitilla
1170 3323 1398 3422 dejudaeorum

129 3451 167 3500 ex
183 3423 337 3524 AEgypto
350 3424 535 3522 migratione
552 3442 628 3492 vero
644 3421 776 3492 maxime
792 3419 937 3492 omnium
955 3417 1072 3504 affinia,
1099 3445 1168 3520 quae
1188 3423 1407 3494 ClemensA-·

128 3523 328 3596 lexaodrinus
343 3523 449 3592 recitat
465 3522 487 3590 s.
498 3541 527 3590 1.
542 3525 689 3590 Strumae.
707 3523 740 3588 δι
755 3513 826 3614 posi
843 3514 931 3587 issum
957 3513 1119 3588 Eusebius.
1177 3519 1274 3589 Certe
1299 3518 1321 3588 sc
1347 3519 1397 3587 illa

130 3623 283 3720 aceepita
299 3615 504 3691 sacerdotibus
521 3670 533 3704 ,
558 3615 742 3712 deprompta
758 3639 795 3684 ex
813 3615 1025 3686 monumentis
1038 3617 1174 3714 antiquis
1202 3609 1399 3713 quibusdam,

130 3719 183 3790 ilia
199 3718 516 3816 Heliopolitauorum
531 3739 598 3788 non
616 3713 774 3814 potuerint
790 3710 859 3784 satis
874 3711 999 3788 laudari.
1035 3711 1094 3786 Sed
1109 3731 1217 3790 vereor
1225 3737 1265 3781 ne
1282 3709 1410 3782 sinere·-

131 3817 255 3892 tentius
272 3811 417 3892 confidi.
595 3888 598 3899 ,

778 4003 836 4078 Bb
862 4031 885 4076 a
1299 4001 1409 4086 CA-
