3658 4728
365 230 1169 340 Hirrort1co·‘l'rrrror.oorcn.
1336 263 1415 356 301

151 377 190 450 tii
205 401 245 450 eo
261 403 345 450 anno
361 375 480 449 Christi
494 373 691 447 CXCVIII.
710 378 888 461 committi,
913 383 948 448 δι
962 379 1073 452 eodem
1090 379 1141 450 die
1158 383 1189 454 in
1206 387 1326 459 conditi
1333 385 1422 462 orbis

151 478 245 549 initio
261 473 396 559 lraesrlle,
421 471 525 545 allent
539 474 699 568 synodus,
724 473 757 544 id
774 469 924 545 absrtntun
948 475 1064 564 judicat
1089 483 1230 554 Petatitu
1252 490 1285 552 a'n
1303 491 1420 556 Anira.

151 572 300 672 Epiphp.
314 591 388 659 175.
406 571 541 668 indeque
555 573 687 641 rationes
704 571 738 638 in
756 569 912 642 Concilio
922 571 1023 644 allatas
1038 597 1078 644 ne
1102 597 1142 644 ue
1160 604 1244 650 veras
1265 579 1326 650 esse
1348 605 1420 678 per-

155 694 275 840 petuo,
300 693 359 739 nec
373 671 453 738 inter
469 665 543 740 fidei
557 666 675 738 decreta
691 663 827 752 censeri,
852 671 962 766 arguit.
1013 669 1070 741 Ad
1164 697 1268 747 autem
1282 677 1359 747 nihil
1373 703 1422 747 re-

168 766 283 863 pondit
295 765 452 863 Longius,
478 767 535 862 qui
550 785 653 834 tamen
671 765 760 840 aliam
784 767 901 836 neorii
916 765 971 838 huc
989 765 1028 837 de
1037 791 1071 836 re
1079 777 1165 850 κρίσιν
1185 795 1251 843 non
1267 774 1372 845 omisit
1387 797 1420 866 p.

158 867 241 962 383.
267 868 338 932 Into
354 883 506 960 qruntunr
521 857 583 958 ipse
599 863 737 958 Longius
754 862 824 931 olias
838 860 912 931 huit
929 861 1060 957 Synodo
1074 864 1204 954 tribuat,
1228 865 1319 940 facile
1334 897 1371 942 err
1381 893 1424 941 co

161 979 302 1056 apporet,
327 959 415 1056 quod
429 959 525 1028 aliurn
541 955 652 1027 rnensrs
669 957 755 1028 diem
768 955 901 1054 pallioni
921 957 1038 1029 Christi
1059 960 1205 1060 affignet,
1231 991 1326 1062 quarn
1353 993 1421 1066 quo

160 1055 303 1150 Synodus
319 1079 387 1127 earn
405 1056 567 1160 contigille
580 1049 707 1124 censuit.
757 1057 845 1126 Nam
862 1077 935 1125 curu
952 1054 1016 1127 huc
1041 1063 1098 1128 Xl.
1124 1062 1196 1131 Kal.
1219 1065 1346 1156 Apriles
1368 1063 1420 1135 seu

159 1157 265 1225 XXII.
282 1153 391 1224 Martii
403 1149 555 1236 definiat,
589 1153 727 1254 langius
746 1150 950 1222 oilrflominus
974 1151 1137 1225 Christum
1163 1162 1205 1229 ΙΙ.
1232 1159 1281 1229 die
1300 1165 1422 1258 Aprilis

154 1245 278 1348 pullum
293 1255 324 1320 δι
340 1253 384 1320 V.
402 1244 610 1319 resuscitatum
626 1251 684 1317 elie
696 1244 793 1318 allorit
803 1275 834 1342 p.
845 1272 887 1342 41
897 1274 925 1344 3.
937 1271 979 1343 41
989 1271 1018 1342 ς.
1029 1257 1186 1418 atffll
1200 1253 1321 1327 dierum
1351 1258 1421 1356 spa·

162 1351 209 1416 tio
223 1343 382 1442 discrepat
431 1348 465 1415 Si
478 1369 587 1415 verum
602 1344 683 1414 dixit
698 1345 857 1438 synodus,
891 1347 1019 1444 quando
1044 1349 1075 1419 C
1115 1351 1122 1364 '
1173 1375 1206 1420 rn
1230 1375 1341 1449 qrurto
1371 1358 1421 1430 die

163 1465 232 1514 ante
248 1439 581 1538 Dorninicunrpassunr
600 1441 658 1511 elle
669 1437 807 1526 asseruit,
832 1466 888 1512 cur
903 1467 969 1513 non
986 1450 1020 1514 δι
1036 1469 1144 1514 vertrnr
1162 1447 1261 1533 dixit,
1296 1455 1424 1546 quando

164 1565 236 1610 eum
249 1543 308 1610 Xl.
325 1539 397 1610 Kal
408 1534 664 1634 Apriles'pnlium
677 1535 736 1608 elle
749 1533 943 1610 asseveravit?
968 1548 1017 1611 At
1040 1540 1190 1635 pollerius
1213 1544 1273 1615 hoc
1297 1551 1424 1648 Langio

164 1637 201 1708 td
217 1633 343 1734 gustum
359 1634 425 1717 nori
443 1634 496 1706 est.
545 1633 725 1721 Quomodo
749 1637 854 1733 itaque
878 1637 982 1733 quoad
1004 1641 1089 1733 prius
1106 1641 1223 1735 synodi
1242 1646 1425 1722 austoriote

166 1734 382 1805 commendare
442 1735 535 1804 terit?
562 1733 696 1809 Veniam
714 1729 806 1803 nobis
814 1733 900 1803 dabit
911 1737 1065 1830 Longius,
1091 1734 1262 1833 quodlitut
1271 1737 1334 1835 ipse
1343 1748 1424 1839 Syn.

166 1829 233 1902 odo
256 1833 289 1901 in
310 1829 371 1900 hoc
420 1831 541 1901 demde
618 1851 650 1914 t,
676 1831 717 1900 itt
734 1853 792 1900 nos
810 1831 846 1898 in
862 1853 998 1928 unoque
1012 1828 1116 1904 falsam
1131 1859 1199 1904 earn
1213 1830 1302 1906 fuisse
1316 1840 1424 1913 existi·

165 1953 306 2015 memus,
331 1925 469 2000 simodo
487 1927 519 1998 id
534 1927 553 1996 d
596 1927 695 2011 nrrit,
721 1926 808 2022 quod
823 1928 948 2026 Langio
966 1928 1089 2000 'arridet
1147 1937 1252 2021 Quare
1276 1959 1332 2005 nec
1359 1940 1424 2012 aliae

167 2029 232 2113 ejus
248 2023 474 2096 sanffionesvel
491 2052 509 2095 a
524 2025 673 2094 Romano
689 2019 869 2118 Episcopo,
894 2026 944 2096 vel
958 2022 998 2094 ab
1013 2025 1147 2098 Ecclesia
1157 2027 1421 2125 approbataesunr,

191 2147 262 2192 uarn
271 2117 416 2192 casolade
427 2119 576 2192 l’asclrotis
584 2117 789 2191 celebratione
798 2123 931 2192 inXlV.
948 2126 1038 2192 Luna
1053 2125 1213 2196 interdieia
1222 2180 1232 2212 ,
1256 2135 1291 2198 δι
1307 2133 1340 2200 in
1353 2131 1422 2204 solo

167 2147 566 2290 lieDominieocollocata.
593 2218 746 2315 Reliqua,
780 2219 999 2290 uaeineidtntit
1007 2218 1070 2289 dici
1077 2218 1202 2314 poliunt
1209 2229 1343 2318 ,partim
1352 2253 1424 2323 per·

165 2313 269 2411 spicue
278 2312 347 2385 lulla
358 2367 368 2399 ‚
378 2314 646 2412 partimdubia,&
656 2243 779 2385 Eeclelq

164 2415 316 2485 iteritatis
324 2415 465 2484 exiliunt.
484 2409 922 2501 traferejudicatnetaviue&
933 2414 1281 2509 reeledoocinpnoo.
1292 2422 1424 2496 Hine&

163 2512 268 2582 Henr.
289 2510 472 2605 Spondanus
490 2510 715 2606 Appamiarurn
729 2507 945 2606 Episcopusia
959 2518 978 2574 f
981 2517 1040 2609 pit.
1051 2515 1176 2582 Annal.
1187 2521 1316 2588 Baronii
1322 2519 1365 2587 ad
1375 2529 1423 2593 A.

167 2616 205 2677 C.
217 2635 267 2699 34.
283 2633 313 2676 n.
323 2631 384 2701 44
394 2609 481 2676 Atta
490 2613 547 2676 illa
555 2605 900 2703 Synodaliadepravara
908 2611 963 2705 rsse
971 2611 1173 2702 pronunciat,
1202 2635 1258 2680 nec
1270 2619 1304 2683 V
1301 2619 1424 2689 illrrrm

168 2704 293 2802 aliquid
300 2729 340 2772 ex
347 2729 384 2772 ta
394 2706 507 2808 Synrdo
506 2703 845 2800 firmassrpratrrquod
848 2699 1087 2800 statutamtjlde
1097 2705 1215 2802 Pascha
1222 2735 1281 2778 nm
1288 2720 1350 2782 rita
1359 2715 1427 2810 Ju'-

163 2803 256 2872 rlar'co
279 2799 462 2872 celebranda.
502 2803 662 2898 Adeoque
685 2821 789 2896 paret,
820 2802 908 2900 quod
924 2800 987 2872 haec
1002 2805 1136 2904 antique
1153 2805 1295 2878 Ecclefiae
1311 2815 1426 2905 opinio

162 2899 226 2970 diei
238 2924 306 2970 non
321 2896 433 2993 p'offit,
458 2900 546 2997 quod
563 2921 666 2968 tamen
680 2899 819 2996 Longius
842 2923 1001 2995 perperam
1018 2901 1090 2970 inde
1107 2903 1237 2995 colligit.
1276 2905 1423 2977 Declam-

161 2997 270 3069 bimus
284 2998 368 3066 enim
384 2993 482 3080 infra,
507 2997 686 3066 unanimem
701 3003 827 3068 narrum
841 2999 876 3066 in
889 2995 1020 3066 heroicis
1036 2999 1142 3093 primae
1158 2997 1299 3068 Ecclesrae
1314 3000 1423 3076 seculis

162 3092 345 3166 smtendarn
369 3089 456 3164 firille
477 3119 572 3178 earn,
598 3117 666 3188 quae
683 3094 894 3165 communiter
908 3091 1053 3162 holitum
1074 3091 1112 3163 ab
1131 3092 1279 3164 omnibus
1302 3122 1425 3196 receptu

161 3190 217 3263 est.
244 3196 304 3262 IV.
321 3186 529 3261 Obsetrnmtu
546 3193 701 3282 [angium
716 3187 779 3260 stne
795 3191 886 3260 omni
901 3188 1042 3260 erilente
1059 3192 1178 3258 tutione
1192 3191 1223 3261 id
1239 3195 1299 3264 toti
1321 3200 1423 3292 Syno

163 3290 225 3376 do,
250 3295 287 3358 &
301 3289 410 3357 ceteris
422 3286 583 3358 ualaestinae
596 3283 760 3381 Episcopis
775 3339 787 3372 ,
813 3284 946 3357 tribuere
957 3334 980 3369 ,Δ
994 3284 1082 3382 quod
1096 3307 1199 3356 tamen
1214 3291 1425 3390 auetoripsrus

159 3386 246 3457 -Bedn
269 3381 345 3454 olibi
367 3380 423 3453 soli
446 3383 630 3478 Theoplrilo
645 3381 794 3454 adscribit
843 3384 969 3480 Allegtt
994 3384 1133 3480 Longius
1158 3383 1249 3454 verba
1264 3389 1345 3460 illius
1360 3392 1424 3464 fra·

260 3483 304 3566 ti,
324 3485 567 3578 paffiasnaatque
591 3477 795 3549 nominarat
809 3483 873 3548 XI.
889 3482 1053 3550 Kalendas
1067 3483 1285 3581 Apriles,qua
1295 3489 1423 3560 torreat

163 3507 291 3672 §mir
303 3577 343 3662 erl
357 3577 516 3663 traditas,
546 3588 583 3661 ῤ’
597 3573 635 3647 ab
648 3581 747 3648 VIII.
766 3579 844 3646 Kal.
863 3581 996 3672 Apriles
1009 3575 1170 3669 resurrexit
1187 3627 1199 3667 ,
1232 3605 1268 3650 ac
1285 3581 1422 3656 litorius

162 3677 281 3771 synodi
296 3683 330 3746 &
346 3679 493 3746 omniurn
507 3677 541 3746 in
556 3699 591 3744 ea
607 3697 867 3772 congregatorum
883 3681 1010 3746 Patrurn
1024 3671 1163 3746 difinitio
1178 3675 1258 3746 ellet
1284 3680 1424 3778 Sedquir

164 3771 228 3843 lroe
245 3769 450 3870 ipsuin.certo
470 3772 611 3844 docuit?
637 3771 719 3842 Beda
742 3768 813 3842 sane
830 3776 1020 3844 cono-trium
1034 3771 1148 3844 alicubi
1168 3775 1281 3845 innuit.
1333 3779 1424 3852 Citar

160 3865 270 3946 stltetu
284 3871 422 3968 tangito
434 3869 525 3945 uedae
539 3865 596 3944 lib.
608 3867 651 3942 de
664 3869 844 3972 Tetaprraaa
860 3875 991 3942 Ratione
1005 3897 1034 3944 a.
1049 3871 1151 3974 XLV.
1191 3873 1240 3942 At
1256 3895 1314 3946 cur
1328 3877 1425 4042 aliprnr

161 3997 171 4036 ·,
834 3973 891 4066 Pp
919 3993 935 4064 3
1111 4019 1114 4024 -
1326 3975 1360 4070 ip
1372 3997 1424 4046 rus

762 2312 870 2386 rastitis
880 2313 1066 2386 Canonibus
1074 2321 1234 2402 contraria,
1245 2323 1358 2393 nullius
1366 2351 1424 2397 an·
