3658 4728
427 210 1195 302 Hrsrott1co-Tuuotoorcr.
1358 245 1438 334 373

184 363 289 436 buemt
297 417 307 450 ,
332 365 404 436 retu
419 357 488 459 ipso
501 363 536 432 in
550 358 673 433 Davide
691 366 725 431 bc
741 353 870 455 posteris
885 359 952 448 ejus
966 353 1122 444 obtinuit,
1148 359 1339 459 eundemque
1348 371 1444 454 tnaje-

181 455 290 532 slatem
308 457 365 530 sub
379 456 503 532 diverse
519 455 832 553 Rerumpublicatum
848 451 960 526 sormis
973 449 1071 552 usque
1087 456 1124 526 ad
1141 453 1285 528 Melliam
1294 461 1444 560 integram

180 551 319 629 servavit.
347 559 436 628 Nam
449 554 537 654 quod
551 549 662 650 sceptri
676 555 809 623 notione
823 575 890 622 non
905 548 1072 622 necessario
1083 553 1209 650 Regalis
1222 553 1366 644 Maiestas
1373 589 1384 644 ;
1394 547 1457 634 sed‘

181 657 299 752 quaevis
311 655 369 726 alia
385 651 623 736 dionissium,
647 648 703 721 sub
719 671 907 748 quacunque
924 649 1083 744 regiminis
1099 646 1224 736 forma,
1250 649 1443 751 designetur,

180 751 214 821 in
238 749 388 822 omnibus
404 753 448 826 lin
472 752 567 820 uisae
583 749 662 819 inter
676 770 786 818 omnes
799 748 952 858 gentesin
968 741 1106 816 confesso
1119 743 1171 817 cst.
1222 750 1311 821 Hinc
1327 753 1361 822 in
1377 777 1444 824 mc-

167 846 236 918 ·dio
250 848 415 943 Synedrio,
440 773 497 916 sch
517 841 736 916 Aristocmtica
752 839 945 938 Reipublicae
952 839 1359 942 gubernatione,sceptn1m
1368 849 1444 921 Ma-

180 942 293 1032 iestatis
311 941 428 1042 infigne
445 937 703 1039 pependisse,ips1
719 937 903 1010 Ebraeorum
911 935 1053 1034 Magistri
1068 963 1253 1012 memorant.
1280 944 1363 1016 Vide
1371 945 1443 1017 Ga-

181 1040 313 1112 latinum
333 1049 414 1120 Arc.
431 1041 524 1111 Ceth.
541 1043 613 1108 Ver.
629 1041 689 1108 IV.
709 1055 776 1135 cap.
790 1055 819 1130 ς,
861 1035 950 1104 Sicut
963 1055 1065 1106 autem
1080 1059 1135 1130 per
1151 1060 1214 1110 eru
1228 1041 1329 1134 princi
1352 1049 1441 1132 ctu's,

179 1134 558 1305 lllss‘rlllltt‘lb
568 1135 723 1324 'llll'
733 1129 1170 1300 blitildis
1186 1133 1304 1305 [Ἣ
1319 1142 1441 1307 iiii

178 1331 345 1428 analogum
365 1258 486 1417 isti&
500 1327 593 1422 cipere
610 1335 659 1407 τῆς
675 1255 792 1397 eticae
807 1280 983 1420 cippellatur.
994 1251 1014 1325 g
1027 1327 1070 1395 Et
1084 1323 1161 1396 hanc
1178 1259 1309 1428 {uirque
1325 1259 1440 1404 eodem

179 1424 298 1512 modo,
324 1453 391 1525 quo
405 1425 581 1523 scepmtm,
604 1424 643 1496 ab
658 1449 698 1495 eo
712 1425 848 1494 tennino
863 1421 902 1492 ad
917 1419 1036 1492 Meffiae
1052 1421 1217 1496 adventum
1232 1427 1441 1516 m'busJelru-

179 1517 226 1590 dte
242 1520 388 1594 obtinuit.
413 1528 575 1594 Neutrum
591 1545 661 1593 ante
678 1519 784 1591 Schilo
797 1516 969 1589 exhibitum
985 1515 1106 1614 prorsus
1119 1520 1228 1594 arnisu.
1253 1521 1326 1620 Ipso
1333 1547 1438 1598 autem

181 1619 333 1706 revelato,
358 1645 527 1718 unumque
543 1644 609 1689 non
624 1619 678 1690 diu
693 1615 764 1713 post
781 1617 921 1687 totaliter
938 1612 1073 1701 recellit,
1099 1619 1146 1688 uti
1169 1641 1298 1692 eventus
1318 1621 1438 1696 docuit.
1480 1661 1484 1668 ·

177 1713 292 1785 Talem
309 1719 394 1788 enim
417 1715 562 1788 recessum
580 1715 713 1787 intendit
728 1710 919 1797 patriarche,
942 1714 1081 1809 quinon
1100 1714 1292 1814 levitaliqua
1312 1717 1439 1791 transla-

182 1809 246 1896 tio,
270 1813 320 1886 sed
343 1817 445 1885 totalis
468 1809 636 1904 Maiestatis
657 1809 788 1882 abolitio
811 1804 936 1892 existet,
961 1809 1127 1905 quomodo
1143 1810 1275 1884 verbum
1296 1835 1344 1889 *to
1362 1817 1436 1912 ose.
1492 1888 1495 1896 ,

178 1907 241 1993 IV,
256 1932 308 1995 17.
326 1909 478 2001 eiusmodi
493 1906 657 1993 recessum,
682 1909 782 2022 qualis
797 1907 864 1978 vini
876 1907 910 1974 in
924 1927 1057 2003 vappam
1071 1905 1133 1994 est,
1160 1907 1320 2006 fignificat.
1355 1914 1437 1986 Tale

180 2025 312 2102 quoque
327 2013 421 2077 donec
439 2031 494 2104 pet
510 2031 539 2080 ⁹2
553 2029 590 2088 nu
607 2004 750 2102 intelligit
763 2007 883 2088 Vates,
908 2003 999 2098 quale
1015 2005 1121 2098 Grues
1137 2010 1229 2093 XIX,
1240 2031 1294 2078 22.
1309 2009 1433 2098 XXIV,

180 2120 236 2197 33.
252 2107 313 2174 ὅτε.
338 2107 490 2190 occurrit,
515 2111 549 2176 &
564 2099 744 2174 exclusivum
761 2100 1050 2173 dccenninatiouem
1068 2102 1224 2196 exprimit.
1266 2106 1436 2179 Remotio

177 2218 252 2266 uem
267 2194 374 2296 sceptri
393 2208 426 2272 δι
445 2203 473 2271 le
498 2199 623 2271 ‘lictoris
638 2219 708 2269 ante
726 2195 867 2273 §Schilo
883 2195 1048 2290 adtentum
1061 2193 1132 2267 sore
1140 2219 1250 2296 negat,
1275 2200 1436 2296 postcun-

176 2289 250 2364 dcm
261 2317 365 2368 autem
382 2297 459 2369 hanc
473 2227 645 2368 {cucurum
663 2291 720 2366 csse
734 2295 862 2366 indicat.
883 2295 1020 2383 Ἀξίωμα
1036 2293 1110 2364 illud
1128 2295 1436 2390 α’ςχικδνᾱνομοθε-

175 2387 253 2458 rude
272 2394 304 2463 in
327 2395 409 2464 tribu
431 2396 510 2494 Juda
527 2394 624 2494 usque
647 2393 684 2464 ad
699 2391 847 2463 Menam
859 2390 1064 2474 duraturum
1096 2386 1157 2461 hoc
1174 2414 1278 2463 autern
1294 2393 1435 2469 exhibito

176 2486 356 2561 cessatum
380 2489 438 2563 esse
452 2490 595 2563 ostendit.
635 2493 783 2584 Tempus
795 2509 870 2560 veto
883 2484 975 2557 ablati
991 2483 1101 2582 sceptri
1115 2494 1148 2558 bc
1165 2489 1367 2578 Mecholtck,
1392 2493 1435 2565 st·

174 2603 230 2654 cut
249 2591 283 2654 tc
297 2590 361 2658 nati
377 2587 610 2672 Anti-Christi,
637 2589 670 2656 in
685 2609 785 2657 unum
808 2587 842 2653 el
857 2591 903 2652 νῦν
918 2584 1055 2664 coerceri
1072 2607 1138 2656 non
1153 2585 1272 2683 potest:
1298 2587 1350 2658 secl
1365 2615 1435 2689 gra-

173 2677 232 2750 dus
246 2686 416 2756 nonnullos
431 2685 548 2756 habuit.
573 2687 722 2759 Primum
731 2681 820 2779 quasi·
832 2701 1032 2753 momentum
1047 2678 1109 2754 suit
1123 2687 1269 2780 Pompcji
1282 2687 1433 2784 irruptio,

173 2798 247 2846 cum
264 2781 299 2850 in
315 2779 459 2868 Urbem,
484 2786 603 2854 cumin
620 2783 771 2850 sanetum
785 2781 977 2850 Sanslorum
1013 2775 1160 2849 Acceffio
1175 2783 1354 2854 calamitatis
1371 2783 1434 2858 suit

171 2871 307 2946 redactio
323 2877 436 2974 Judaea
452 2883 485 2950 in
508 2879 725 2976 provinciam,
760 2873 916 2948 Archelao
933 2878 1095 2946 Viennam
1114 2877 1259 2973 relegato.
1310 2879 1434 2952 Ultima

170 2969 260 3062 ίῑμνῖ
280 2993 374 3070 atque
396 3002 468 3047 com
491 2977 661 3046 sementum
682 2971 796 3044 exstitit
819 2971 918 3042 finalis
933 2969 1127 3066 Reipublicae
1148 2971 1283 3069 Judaicae
1300 2995 1433 3047 retrur-

172 3068 270 3160 bple,
297 3095 386 3167 quae,
402 3001 499 3146 excib
515 3097 570 3170 pet
587 3068 808 3167 Vespasianum
824 3065 920 3151 urbe,
945 3063 1133 3164 incensoque
1153 3069 1291 3163 templo,
1316 3075 1431 3150 evenit.

171 3166 255 3253 Qua
270 3189 342 3237 cum
360 3171 401 3240 ita
417 3167 446 3241 se
461 3168 607 3254 habeant,
621 3167 673 3240 hic
686 3165 874 3262 planiffimus
888 3161 1078 3234 celeberrimi
1092 3166 1209 3234 oraculi
1222 3159 1323 3238 sensus
1331 3194 1433 3242 emer·

169 3260 238 3369 git,
261 3285 329 3358 quo
341 3264 469 3338 admisso
484 3265 608 3363 quasvis
622 3265 754 3338 salebrae
763 3263 896 3334 deuitare
905 3259 1020 3330 licebit.
1046 3257 1430 3342 Patriarchasanstillmrus

171 3378 206 3425 tn
220 3377 360 3431 nunno
377 3365 447 3434 vire
461 3361 579 3460 polinis
598 3365 639 3432 ita
654 3363 754 3432 dicere
771 3361 892 3431 voluite
913 3360 985 3426 Tua
1001 3353 1118 3441 tribus,
1143 3355 1263 3454 Jchuda
1281 3359 1344 3448 fiii,
1362 3389 1431 3438 earn

164 3447 228 3522 -suo
247 3477 389 3552 tempore
404 3483 465 3556 peae
477 3463 542 3531 aliis
557 3457 700 3532 tribubus
717 3463 750 3528 dc
768 3452 913 3526 fiatribus
929 3455 989 3523 tuis
1004 3457 1433 3549 prerogativam-aeminen-

168 3549 245 3621 tiam
267 3549 406 3626 habitura
422 3553 484 3645 est,
509 3577 546 3626 ut
560 3580 632 3626 cum
649 3579 666 3624 a
681 3554 808 3650 reliquis
822 3547 1056 3621 desciscentibus
1071 3546 1218 3650 separate,
1245 3561 1279 3626 δι
1293 3558 1431 3652 peculia·

166 3667 201 3716 ιτ
216 3649 358 3744 mgitutn
372 3649 711 3766 acmajestatemsortitu
720 3647 813 3720 suerit
821 3700 831 3761 3
841 3647 968 3718 endem
977 3645 1060 3718 suam
1069 3648 1294 3818 ἀέῗιὶωῑειηέε
1305 3655 1432 3765 ρξίωμω

167 3741 1287 4012 ormentiactenurtpecunuut
1301 3769 1431 4015 epu
1534 3859 1538 3866 ·

889 3963 928 4010 aa
956 3967 971 4036 3
1355 3969 1426 4042 pet-
