3636 4732
351 233 506 334 ‚610
644 217 1449 320 .A.Rtv1nusottMnJurtss,

421 368 503 462 quod
520 363 651 436 Romani
667 381 809 454 campum
829 363 991 430 Martium
1005 376 1093 428 ostra
1109 356 1230 445 urbem,
1256 363 1362 454 inquo
1380 361 1473 455 Reges
1487 382 1540 428 ma
1560 356 1694 454 spiratus-

422 489 479 558 qus
501 485 604 532 creare
624 475 670 529 (φ
686 456 813 528 closellos
830 444 937 526 hebere
954 456 1012 550 fas
1026 475 1111 542 erat,
1134 460 1270 528 comitiis
1285 451 1473 525 celebrandis
1488 383 1696 552 depbinaffent3

422 585 549 656 quorum
562 555 779 647 fimulacbrum
797 575 884 624 erant
897 555 1019 649 placita
1034 559 1236 624 Francorum.
1261 557 1339 622 fere
1351 549 1407 620 boc
1418 577 1517 648 genus
1525 559 1695 654 Scripeores

423 659 481 739 (ite
501 653 662 725 concludit
679 652 739 738 R.)
754 651 812 742 fisa
832 649 876 720 al
896 654 1018 722 Gratus
1041 651 1248 749 Romanasque
1263 653 1462 746 antiquitates
1476 655 1621 748 enigmt,
1649 664 1696 721 (θ’

422 753 476 826 bos
495 752 651 848 adfellant
666 745 817 820 interdum
834 747 930 818 valle
941 745 1059 846 putide.
1526 829 1531 836 .

473 854 534 923 VI.
562 848 622 920 Sed
643 845 789 944 putidum
809 841 877 918 snre
894 844 956 915 hoc
970 841 1071 939 ipsum
1089 841 1134 916 est
1149 843 1325 937 judicium,
1351 843 1508 918 evolvisset
1525 846 1623 920 modo
1640 844 1697 919 istc

423 947 657 1018 Collestionem
667 939 986 1032 Historicosshsono
1010 941 1355 1038 saphicamAnonymi,
1373 940 1424 1014 sed
1435 945 1554 1016 (incolo
1562 947 1612 1014 M.
1621 942 1695 1040 sup·

421 1047 502 1142 paris
524 1043 690 1138 scriptoris
707 1065 745 1110 ex
763 1039 871 1110 Idacio
892 1045 926 1110 &
948 966 1178 1112 Tsoromacho
1195 1035 1249 1112 lib.
1262 1047 1467 1138 &pag-716·
1485 1048 1515 1114 bt
1530 1063 1611 1136 725.
1623 1045 1696 1114 illic

419 1167 558 1238 namque
573 1139 614 1210 stc
627 1142 686 1210 ait:
712 1137 844 1207 Evolute
859 1160 939 1206 anno
956 1141 1022 1204 Rex
1038 1139 1199 1234 (pipinus)
1214 1162 1235 1209 a
1252 1139 1329 1213 Kal.
1348 1145 1470 1210 Martii
1483 1146 1697 1214 omnesFratt·

350 1237 356 1248 ’
418 1262 473 1310 cos
483 1241 561 1334 ficut
577 1261 642 1306 mos
655 1235 694 1327 esl
709 1241 918 1314 Francorum,
941 1238 976 1303 in
991 1238 1127 1304 Bernaco
1139 1235 1223 1306 villa
1233 1231 1360 1334 publico
1374 1233 1417 1306 ad
1429 1237 1458 1328 [e
1470 1241 1577 1308 venire
1587 1260 1697 1334 prece·

417 1340 488 1435 pit,
517 1340 651 1430 initoque
667 1334 847 1426 confiliofiuo
863 1356 933 1402 cum
947 1329 1117 1430 proceribus
1122 1334 1189 1424 fisis
1202 1357 1235 1401 ee
1251 1354 1401 1431 tempore,
1425 1359 1483 1430 quo
1492 1336 1590 1427 solent
1602 1342 1645 1406 Re
1664 1361 1697 1406 ss

415 1431 466 1504 ,ad
480 1431 562 1504 bella
572 1428 750 1530 procedere,
776 1433 839 1500 διε.
875 1428 974 1501 Vides
987 1431 1145 1525 geminam
1158 1431 1327 1515 rationem,
1351 1455 1406 1503 cur
1422 1457 1489 1504 non
1504 1427 1604 1600 uspue

418 1531 502 1602 mose
520 1535 667 1601 Martius
685 1550 809 1628 campus
830 1525 916 1598 alteri
933 1525 1032 1598 distus
1046 1521 1159 1600 ficisset.
1198 1529 1271 1598 Nec
1285 1527 1362 1598 adeo
1378 1523 1529 1600 absonum
1560 1553 1648 1618 oret,
1675 1529 1697 1601 st

418 1627 644 1702 Romanorum
660 1625 837 1696 imitatione
852 1620 931 1693 ittud
953 1620 1128 1696 institutum
1145 1623 1344 1697 Gallicorum
1359 1627 1506 1724 Regum,
1530 1652 1597 1698 non
1614 1631 1696 1700 Scri·

416 1747 549 1822 prorum
565 1749 640 1800 veto
655 1720 843 1819 figmentum
859 1716 972 1790 suisset.
1006 1721 1105 1816 Apud
1122 1720 1181 1797 hos
1200 1747 1335 1820 nonque
1349 1729 1434 1814 juxta
1450 1726 1624 1821 Vegetium
1639 1726 1693 1800 lib.

426 1846 458 1895 1.
471 1848 498 1896 c.
508 1849 537 1894 x.
573 1830 707 1920 Campus
725 1823 873 1892 Martius
887 1823 1011 1888 vicinus
1034 1819 1096 1911 fuit
1118 1818 1241 1908 Tiberi,
1267 1827 1301 1890 in
1321 1847 1379 1917 que
1395 1825 1534 1893 Romana
1543 1826 1695 1919 juventus

328 1967 329 1972 κ
416 1919 481 2017 post
508 1925 687 1990 exercitium
705 1941 861 1988 armorum
880 1913 1020 2006 pedorem
1032 1918 1249 2016 pulveremque
1264 1917 1394 1988 dilueret
1416 1943 1455 1990 ac
1476 1920 1695 2012 laffitulinem.

420 2020 490 2089 Pari
508 2017 606 2088 modo
624 2033 782 2087 conventu
799 2013 918 2085 indicio
934 2011 1022 2082 Galli
1043 2017 1210 2110 quotannis
1232 2016 1265 2104 in
1281 2039 1395 2112 campo
1411 2017 1532 2102 Martio
1546 2017 1589 2089 ad·
1599 2023 1694 2096 amri·

411 2113 560 2186 iusteium
571 2119 604 2184 δι
622 2108 879 2184 consultationem
889 2109 927 2180 de
944 2106 1027 2178 bello
1041 2107 1327 2208 confluebant‚prae
1343 2118 1458 2186 ceteris
1474 2116 1696 2212 uoqneGrc-

365 2219 367 2226 ’
416 2215 527 2309 gorius
541 2207 737 2282 Turonensts
755 2209 838 2299 Hisl.
859 2213 974 2277 Franc.
989 2210 1010 2276 l.
1025 2231 1055 2277 2.
1069 2232 1094 2279 c.
1108 2231 1162 2301 27.
1185 2208 1223 2280 dc
1242 2209 1418 2282 Clodouaeo
1439 2141 1536 2284 adbuc
1552 2209 1694 2290 fanaticis

418 2306 573 2380 erroribus
591 2308 735 2380 involuto
752 2328 875 2391 narrat,
907 2303 994 2402 quod
1011 2305 1062 2374 itte
1081 2307 1230 2402 transacio
1251 2333 1332 2380 auno
1346 2312 1463 2404 jufferit
1487 2336 1607 2381 emnem
1623 2333 1694 2382 cum

413 2431 574 2492 ,armorum
591 2423 745 2504 apparatu
759 2403 910 2475 advenire
926 2400 1131 2498 phalangem,
1154 2403 1294 2498 ellenfiom
1309 2413 1342 2476 irt
1357 2429 1464 2505 campo
1486 2413 1694 2503 Martiosus·

406 2525 486 2574 rum
500 2527 657 2572 armorum
670 2506 811 2584 nitorem,
821 2506 882 2569 &c
908 2497 968 2567 Sed
982 2497 1097 2568 ibidem
1108 2499 1210 2572 statim
1219 2502 1304 2576 idem
1312 2502 1450 2575 laudatus
1459 2509 1584 2580 Auno:
1594 2511 1693 2580 Ano-

415 2623 528 2696 nymus
544 2596 665 2688 subjicit
671 2627 682 2683 ς
706 2621 780 2670 cum
797 2597 909 2666 iterum
934 2593 1074 2690 sequenti
1091 2619 1174 2668 anno
1190 2599 1236 2670 ad
1255 2607 1443 2672 Arvernum
1456 2601 1558 2674 urbem
1570 2629 1642 2676 cum
1658 2633 1693 2676 o-

414 2701 483 2768 mni
495 2702 631 2764 exercitu
647 2696 757 2788 veniffe
775 2697 886 2790 Regem
903 2692 1013 2774 illum,
1029 2689 1130 2787 ibique
1143 2722 1214 2766 cum
1233 2704 1367 2770 Francis
1382 2715 1430 2770 ny
1442 2697 1613 2796 proceribus
1624 2705 1693 2796 ficit

413 2793 564 2890 placitum
574 2795 663 2886 fisum
684 2793 902 2888 Campomatlio
922 2791 1040 2878 tenutffe
1055 2791 1266 2882 recensuissem
1292 2799 1413 2878 evoluto
1433 2789 1513 2870 anno
1529 2797 1583 2866 boc
1605 2825 1691 2870 com·

413 2911 554 2986 motoque
568 2895 702 2960 exercitu
718 2893 911 2958 Francorum
926 2887 1012 2983 usque
1020 2891 1209 2964 Aurelianis
1224 2896 1281 2984 (ito
1291 2891 1411 2981 scribit)
1420 2899 1690 2991 perveniens,ilri·

415 3013 473 3084 que
488 2991 641 3085 placitum
655 2993 741 3076 ficum
763 2985 975 3083 Campomap'c',
1001 2985 1096 3080 (quod
1118 2991 1196 3085 ipses
1219 2993 1351 3088 Pipinus
1366 2999 1487 3091 primus
1500 3014 1557 3090 pro
1579 2997 1691 3095 campo

411 3089 626 3184 Martio,pro
641 3087 777 3154 utilitate
792 3088 983 3152 Francorum
990 3081 1138 3175 instituit)
1148 3105 1251 3157 tenens
1258 3091 1364 3160 multis
1372 3089 1570 3162 muneribusu
1583 3099 1691 3164 Fran·

413 3189 465 3255 cis.
476 3197 524 3253 (J
536 3181 709 3281 proceribus
723 3180 788 3273 fisis
803 3177 922 3252 dirutus
938 3177 999 3271 est:
1025 3183 1127 3255 Anno
1148 3202 1251 3256 tomen
1269 3185 1441 3282 insequenti
1460 3191 1574 3260 iterum
1593 3195 1693 3262 Carte-

409 3279 614 3465 pornaliprp,
632 3282 710 3376 ficut
737 3302 800 3348 mos
825 3297 909 3363 erat,
935 3279 1088 3350 Bituricis
1105 3283 1316 3380 tennejuffit‚
1332 3289 1409 3354 inito
1427 3309 1497 3358 cum
1513 3287 1694 3384 proceribus

424 3399 475 3446 uss
491 3399 566 3444 cour
584 3402 624 3444 co.

406 3377 436 3470 s
463 3476 540 3542 v11.
567 3470 784 3544 Confernunc
798 3498 874 3546 cum
886 3472 948 3548 boc
959 3475 1171 3573 chronologo
1179 3481 1308 3552 alterum
1316 3477 1410 3559 isium
1419 3483 1593 3556 Annalium
1603 3484 1689 3556 Scri·

412 3589 539 3667 prorem
556 3570 638 3664 apud
653 3567 825 3657 Pitinum,
850 3577 885 3643 &
899 3573 972 3644 Sote
988 3572 1099 3647 clarius
1113 3575 1289 3674 apparebit,
1306 3577 1521 3652 nonsolosRe
1561 3581 1691 3656 sente-

411 3669 570 3765 rovingis‚
595 3663 645 3740 sed
659 3663 865 3836 quoscunpue
877 3669 1069 3744 Francorum
1081 3672 1186 3770 Reges
1201 3696 1224 3746 t.
1239 3697 1261 3744 t.
1276 3677 1509 3773 Maicampum,
1521 3603 1577 3750 ssu
1586 3678 1692 3752 Cam-

413 3764 597 3861 pomodium
611 3789 677 3835 non
695 3763 785 3854 Malo
815 3789 922 3862 emper
936 3768 1041 3840 mense
1049 3819 1060 3852 ,
1084 3766 1135 3841 sed
1150 3771 1273 3844 Manio
1286 3775 1373 3869 prius
1387 3772 1558 3851 celebrasse.
1593 3781 1691 3866 Qua-

411 3887 445 3934 se
467 3858 571 3961 ipsum
588 3860 780 3938 Pitbaemum
797 3864 956 3940 auctorem
975 3868 1151 3958 nubemus,
1176 3876 1211 3942 δι
1224 3865 1319 3949 smus
1332 3873 1523 3950 coerimonias
1538 3869 1692 3973 quosdam

1591 3968 1692 4064 hupuz
