3636 4732
322 269 1176 372 Marcini1s‚anRoitcitt11s.
1316 276 1397 394 603

130 417 219 494 “det
231 417 266 492 iti
279 411 377 490 insula
391 413 540 488 Citbcrea
556 411 645 501 esset,
659 434 696 486 ut
709 412 873 488 Castorem
888 415 1098 490 &Pollucem
1111 412 1400 518 convenirenpia-

74 539 76 544 '
130 519 229 591 “cuit
242 539 283 588 eo
297 516 359 600 ire,
375 515 598 610 optimumque
610 513 639 583 ei
655 510 756 585 visum
772 511 839 604 est,
850 513 939 611 quod
951 515 1114 586 Menelaus
1125 515 1239 612 Sparta
1246 539 1313 586 non
1322 538 1400 606 erat,

130 615 198 688 “ad
210 637 294 686 niare
306 607 470 708 proficisci.
519 615 593 705 Qu
608 609 646 681 dc
661 605 747 680 causa
761 609 800 682 ad
818 611 891 682 litus
906 609 1074 707 procellit3·
1093 611 1248 708 oppidum
1264 612 1302 684 ad
1316 637 1400 685 mare

129 709 206 783 “est
221 709 366 794 Helena,
392 705 447 778 ubi
463 707 574 778 Dianae
589 712 623 777 dt
640 705 801 802 Apollinis
816 702 925 779 fanum
940 705 1003 793 est,
1027 705 1073 780 ibi
1093 732 1160 780 iem
1176 707 1311 780 divinam
1328 712 1401 780 He·

131 809 232 880 “lena
246 804 346 878 faeere
362 799 554 900 disposuerat.
579 803 610 872 E
625 825 693 900 quo
709 799 785 874 fano
798 803 837 876 de
852 805 946 876 nocte
962 803 1121 878 Helenam
1134 806 1217 878 Paris
1226 806 1357 901 eripuit,
1367 808 1401 878 in

133 907 278 978 “narem
291 901 419 981 detulit,
443 907 477 972 δι
494 923 569 970 cum
585 923 620 969 oa
634 900 778 971 mulieres
790 901 907 999 aliquas
921 901 1124 998 depredatis,
1139 899 1250 1001 ibique
1258 927 1332 974 cuin
1340 927 1402 1002 op-

132 1000 282 1098 “pidanis
299 998 331 1070 id
344 993 582 1094 prohibentibus
594 1017 761 1092 pugnans,
785 1019 839 1068 eos
855 997 1055 1072 multitudine
1067 995 1224 1072 sociorum
1240 993 1312 1070 casu
1335 1023 1402 1070 eia-

133 1099 229 1184 “vit,
254 1095 453 1191 &plurimos
467 1095 607 1189 captivos
623 1093 656 1162 in
670 1117 762 1170 naves
775 1092 955 1190 impolitos,
970 1092 1057 1166 classe
1074 1093 1175 1168 llatim
1191 1091 1290 1166 soluta
1302 1022 1402 1167 abdu-

132 1196 251 1282 “aie„
285 1197 384 1284 (Quat
398 1189 519 1281 ridetur
533 1192 639 1286 imago
654 1191 802 1282 Majumae
822 1212 875 1262 aut
891 1187 961 1262 sane
974 1189 1061 1263 causa
1073 1197 1109 1263 &
1127 1195 1254 1266 initium
1261 1198 1288 1282 ,)
1303 1212 1340 1263 ut
1353 1212 1401 1263 te-

132 1287 229 1362 statur
244 1290 345 1360 Dares
363 1285 526 1384 Phrygius,
550 1283 602 1356 seu
618 1285 694 1357 adeo
710 1293 776 1378 ejus
790 1289 939 1384 interpres
953 1288 1055 1359 Corn.
1069 1289 1193 1388 Nepos.

183 1391 311 1464 xvni.
337 1382 397 1455 Sed
411 1381 578 1480 postquam
592 1405 656 1453 rein
673 1384 768 1479 paulo
780 1387 950 1456 accuratius
963 1385 1134 1482 expendere
1149 1389 1255 1486 coepi,
1279 1386 1403 1459 alteram

135 1485 303 1556 lesiionem
320 1481 462 1570 AEthici,
479 1503 574 1577 quain
588 1480 623 1548 in
636 1503 703 1549 uno
716 1480 894 1578 Exemplari
910 1477 1045 1554 disertim
1060 1505 1210 1555 croatam
1224 1482 1404 1555 fuisltsim·

136 1583 236 1668 lenis,
261 1575 377 1652 tametsi
397 1578 494 1674 priori
507 1574 724 1672 adstipulante,
741 1601 809 1650 noti
822 1576 1125 1665 diffimulavit,haud
1138 1582 1228 1676 plane
1241 1581 1407 1680 repudian-

136 1677 209 1750 dam
225 1674 340 1752 enisui.
388 1675 553 1746 Nimirum
571 1675 717 1771 populum
741 1678 998 1746 Romanensem
1014 1677 1139 1772 Consule
1151 1680 1204 1748 vel
1217 1676 1308 1748 Urbis
1327 1683 1408 1751 Pre-

129 1776 214 1872 [εἶέν
238 1772 414 1869 Castrorum
429 1768 674 1842 celebrandorum
691 1774 785 1866 causti
805 1777 941 1868 cgrefflim
950 1775 1059 1871 fuisse.
1100 1775 1140 1844 'Si
1156 1798 1291 1872 namque
1307 1775 1408 1864 cestra

137 1871 209 1945 sunt
222 1897 241 1944 e
256 1873 347 1946 variis
363 1868 436 1942 casis
450 1867 512 1940 sire
524 1864 621 1939 scenis
639 1866 677 1937 ad
695 1865 820 1942 brevem
836 1876 870 1942 δι
889 1873 1112 1967 temporarium
1131 1869 1221 1942 usum
1232 1868 1407 1942 constantes

138 1969 332 2054 mansiones,
358 1965 414 2038 ubi
429 1967 541 2036 milites
555 1961 612 2035 sub
626 1966 769 2036 tentoriis
782 1966 821 2036 ali
846 1964 1044 2062 uantisperin
1060 1967 1135 2039 loco
1149 1965 1227 2039 folla
1235 1967 1408 2039 circumda·

137 2087 174 2139 to
187 2065 363 2150 subsistant3
388 2087 456 2136 tum
472 2059 617 2158 professo
631 2063 666 2132 in
682 2059 739 2132 hac
755 2059 814 2132 Ins
870 2085 970 2158 propt
984 2063 1109 2136 Ostiam
1121 2063 1255 2136 Tibride
1272 2069 1409 2136 circurn-

137 2159 205 2236 fusa
226 2165 306 2236 iesse
324 2162 424 2256 caldra
446 2181 561 2230 veteres
581 2159 748 2246 dixerimt,
779 2183 853 2230 cum
874 2163 959 2248 juxta
980 2161 1031 2232 illa
1046 2185 1177 2259 quoque
1193 2185 1299 2259 pugna
1321 2160 1408 2259 quast

1 2259 2 2268 '
138 2261 254 2336 navalis
274 2257 453 2364 iuberetur,
470 2264 504 2328 δι
521 2251 686 2330 frondibus
699 2275 793 2353 atque
807 2253 904 2328 scenis
916 2255 1088 2332 virentibus
1104 2257 1410 2331 omniaeondecora-

1 2381 25 2450 ς·
142 2377 258 2432 amtor.

1 2461 2 2498 l

1 2501 2 2516 i
189 2457 281 2528 XIX.
304 2455 359 2526 Ne
375 2476 450 2524 vero
465 2449 527 2522 fine
551 2452 641 2522 omni
662 2450 807 2548 exemplo
822 2456 856 2523 de
878 2451 939 2523 ulla
953 2453 1133 2524 ausloritate
1151 2450 1205 2524 ista
1220 2449 1322 2524 nostra
1338 2473 1411 2523 cor-

1 2575 2 2620 i
143 2553 242 2626 roffio
257 2549 401 2623 audacior
412 2549 522 2646 paulo,
551 2573 646 2645 quam
662 2548 764 2620 veiint
777 2549 878 2620 doctis
892 2571 1051 2648 appareat,
1075 2547 1202 2648 ipseque
1217 2553 1413 2621 Audorno·

1 2689 2 2721 i
143 2647 204 2722 ster
218 2673 277 2722 ceu
289 2645 408 2744 spurius
424 2642 506 2716 testis
523 2645 624 2715 &ille
646 2647 753 2716 itimus
768 2644 956 2733 derideatur,
981 2671 1022 2740 qn
1036 2644 1074 2716 ad
1088 2646 1189 2744 ipsum
1197 2647 1413 2718 Oratornm&

1 2765 3 2822 ἲ
39 2834 48 2844 ³
146 2747 340 2842 Sciiptortim
363 2744 509 2814 omnium
527 2739 592 2812 ters
620 2765 720 2814 imum
738 2747 772 2813 &
793 2739 1043 2816 facundissimum
1067 2747 1240 2844 principem
1260 2767 1415 2842 provoca-

147 2867 237 2932 mus,
262 2845 318 2956 qui
334 2839 388 2912 Ie'b.
399 2867 428 2912 ir.
440 2845 476 2908 in
488 2843 632 2922 Verrem,
657 2837 887 2932 accusationes.
905 2842 1003 2912 multa
1019 2847 1086 2932 ejus
1099 2837 1254 2912 luxuriosa
1268 2838 1348 2910 faeta
1363 2843 1415 2909 in-

144 2936 260 3012 cessens
274 2961 355 3012 inter
368 2939 425 3010 alia
439 2937 561 3031 culpat:
592 2945 615 2980 “
624 2937 724 3030 Quod
738 2959 812 3006 cum
824 2934 907 3008 elin
920 2943 981 3026 jani
998 2935 1057 3008 elle
1072 2935 1230 3036 toepillet,
1255 2933 1312 3007 iste
1327 2959 1415 3006 novo

2 3120 3 3142 ζ
145 3035 315 3135 “quodam
331 3061 369 3108 ex
385 3057 497 3133 genere
514 3038 686 3128 Imperator
701 3029 909 3128 pulcherrimo
924 3031 1136 3129 Syracusarum
1152 3035 1223 3105 luco
1237 3031 1343 3104 stativa
1357 3030 1415 3104 sibi

146 3131 271 3206 “castra
286 3129 420 3214 fecillet,
445 3134 479 3202 in
493 3126 560 3223 ipso
575 3127 660 3201 aditu
673 3149 767 3227 atquc
782 3152 837 3200 oie
850 3151 979 3225 portus,
1002 3129 1060 3201 ubi
1068 3134 1206 3228 primum
1215 3157 1252 3202 ex
1260 3130 1325 3201 alto
1334 3126 1416 3199 sinus

147 3227 218 3302 “ad
232 3227 343 3302 urbem
357 3226 397 3300 ab
413 3231 517 3300 littore
533 3224 719 3311 infleffltur,
733 3222 923 3297 tabernacula
937 3225 1085 3299 carbaseis
1100 3230 1217 3299 intenta
1233 3228 1308 3300 velis
1316 3225 1419 3298 collo·

148 3335 264 3398 “caos.
290 3333 329 3398 ln
345 3350 419 3399 cum
432 3348 537 3396 autem
554 3320 657 3418 ipsum
674 3325 782 3396 locum
797 3323 897 3395 aditus
911 3344 974 3394 erat
988 3325 1129 3410 tuemini,
1154 3323 1212 3395 nisi
1229 3326 1288 3422 qui
1304 3345 1357 3395 aut
1366 3321 1418 3394 ss·

148 3431 249 3496 “cius
268 3446 320 3496 aut
334 3421 473 3495 minister
494 3419 632 3492 libidinis
645 3416 704 3490 elle
720 3417 827 3515 pollet.
877 3421 955 3489 Huc
978 3443 1090 3492 omnes
1112 3421 1275 3508 mulieres,
1300 3419 1419 3519 quibus

7 3561 11 3570 a
148 3527 256 3594 “cum
269 3517 486 3605 consueverat,
513 3513 760 3602 conveniebant,
784 3541 917 3614 quarum
933 3517 1113 3591 incredibile
1127 3515 1190 3600 est,
1203 3541 1319 3617 quanta
1335 3519 1420 3588 mul-

149 3618 285 3691 “titudo
300 3616 393 3690 fuerit
407 3613 586 3717 Syracusis·
617 3616 695 3684 Huc
711 3611 855 3685 homines
870 3613 959 3713 digni
972 3613 1059 3688 istius
1074 3617 1229 3702 amicitia,
1253 3615 1284 3688 d‘
1332 3616 1340 3632 '
1359 3615 1420 3685 vita

151 3715 236 3788 “illa
251 3716 464 3814 conviviisque
480 3709 655 3786 veniebant.
697 3715 751 3784 Ac
764 3735 819 3826 per
831 3735 886 3781 eos
902 3713 966 3827 dies
982 3711 1132 3828 tumuistc·
1144 3736 1217 3784 cuin
1232 3737 1255 3809 p
1295 3717 1329 3782 io
1343 3733 1422 3808 pur·

155 3807 1423 4008 22uunistisiizniuitiitimumnutffs

727 4103 732 4110 Ι
799 4001 968 4104 Gggga
1283 3999 1424 4094 f‘eibus,
