3624 4736
420 227 503 314 260
599 215 1536 337 Jounu.WArtnnt11ttD1trnrra

419 357 673 458 quentisstmum,
699 359 803 432 dirilse
820 379 987 461 peragrare
1011 359 1155 454 Magos?
1181 356 1314 433 insolens
1329 356 1392 429 hoc
1407 353 1451 428 est
1468 357 1589 428 Latinis
1604 359 1685 428 auri-
1783 371 1787 384 “

423 457 500 545 bus,
526 459 653 554 perinde
677 453 751 528 acsi
774 456 855 526 dicat
878 457 968 554 quis,
993 451 1024 523 se
1046 451 1212 526 herbantm
1227 457 1443 554 cognitionem
1461 453 1608 550 adeptum
1626 453 1685 528 esse

418 561 594 653 peragratis
609 559 798 637 Germania,
825 555 969 650 Anglie,
994 555 1121 640 Gallie,
1147 555 1304 650 Italiaque
1321 551 1476 622 Medicis.
1525 552 1685 650 Equidem

422 649 446 723 st
470 676 529 748 pro
555 658 673 748 Magis
694 647 893 721 substituatur
915 649 1042 744 Plagis,
1068 674 1127 721 nec
1151 647 1284 737 ascnsu‚
1309 673 1366 720 nec
1383 649 1570 724 alterarum
1585 647 1685 746 figura

421 750 556 820 alienum
582 751 613 822 id
631 752 707 833 erit,
735 747 772 818 de
790 772 857 844 quo
871 747 1012 844 cogitent
1030 747 1164 833 Critiei,
1190 750 1246 844 qui
1261 749 1310 821 vel
1327 753 1453 834 ἐυςοχίᾳ
1470 745 1605 842 pollent,
1632 747 1683 816 vel

421 847 591 918 emendatis
613 845 705 917 codd.
720 842 790 914 sunt
805 840 954 914 instrueti.
1004 843 1040 914 Id
1057 865 1175 915 eertum
1191 841 1251 930 est,
1277 843 1366 943 quod
1381 845 1433 917 vix
1450 863 1534 912 extra
1550 841 1682 914 Perfiatn

419 941 511 1038 Magi
524 969 541 1013 a
555 940 693 1039 probatis
710 939 889 1012 auctoribus
904 941 1069 1012 memorati
1083 944 1281 1038 reperiantur.
1308 940 1407 1014 Unde
1420 938 1483 1036 ipse
1497 941 1616 1012 Plinius
1624 939 1679 1012 lib.

419 1041 528 1112 XXX.
555 1067 629 1111 mox
654 1038 692 1111 ab
718 1040 809 1109 initio
826 1034 973 1126 affirmat,
999 1043 1153 1137 Magiam
1171 1041 1239 1134 fine
1254 1037 1344 1110 delrio
1361 1045 1396 1108 in
1410 1037 1528 1134 Perfide
1541 1057 1642 1106 ortam
1656 1063 1680 1109 a

420 1136 603 1225 Zoroastre,
629 1157 662 1206 ne
678 1143 758 1206 inter
774 1134 909 1206 auderes
925 1141 1074 1207 convenit.
1101 1137 1209 1235 Magi,
1219 1139 1344 1233 proprie
1358 1132 1618 1221 diadematum
1633 1131 1681 1206 sa·

444 1236 542 1304 ientes
561 1232 648 1307 fuere
665 1236 714 1308 vel
730 1230 908 1306 sacerdotes.
940 1234 984 1304 Et
1001 1235 1073 1306 tales
1089 1234 1207 1332 ubique
1223 1257 1258 1305 ca
1270 1258 1332 1322 you
1348 1231 1523 1306 constanter
1538 1241 1572 1304 de
1588 1235 1680 1304 unice
1802 1243 1804 1260 '

415 1256 553 1428 deignat
571 1332 653 1426 apud
667 1332 804 1402 melioris
820 1351 902 1404 notae
911 1327 1090 1426 scriptores,
1116 1333 1298 1418 Platonem,
1322 1330 1545 1416 Herodotum,
1569 1334 1680 1402 Xeno·

415 1425 587 1523 phontem,
612 1427 816 1518 Strabonem,
840 1427 911 1498 Dio
936 1432 1110 1501 ,Laenium
1117 1483 1129 1518 ,
1156 1430 1364 1513 Ciceronem,
1390 1425 1576 1513 Philonem,
1600 1433 1679 1498 Por·

417 1522 585 1618 pltyrium,
609 1524 822 1622 Hesychium,
848 1453 993 1612 Suidam,
1018 1531 1080 1598 dcc.
1105 1525 1194 1624 quod
1215 1527 1282 1596 aliis
1297 1523 1490 1596 observatum
1504 1521 1559 1596 est.
1610 1524 1678 1617 Qui

414 1623 501 1694 enim
526 1619 564 1691 ab
587 1623 758 1696 Herodoto
786 1631 819 1695 δι
843 1621 1000 1720 Stephano
1022 1626 1174 1718 Byzantio
1188 1625 1221 1696 in
1238 1623 1344 1695 Media
1360 1623 1552 1694 collocantur
1567 1622 1677 1720 Magi,
1804 1717 1805 1720 Ἴ

413 1719 490 1790 item
508 1746 525 1790 a
541 1719 693 1791 Strabone
711 1724 743 1790 in
761 1721 979 1814 Cappadocia,
1005 1717 1197 1792 Persicorum
1214 1721 1253 1790 M
1315 1745 1384 1791 runt
1401 1718 1509 1791 tradux
1517 1744 1552 1790 ac
1561 1744 1674 1816 propa-

411 1838 458 1912 go
482 1815 546 1886 fine
568 1815 666 1888 dubio
685 1815 782 1889 suere.
833 1817 905 1887 Nec
926 1837 1017 1917 urget
1032 1816 1143 1889 Grotii
1159 1825 1193 1888 &
1209 1819 1277 1887 Vol
1292 1821 1314 1888 ti
1330 1819 1427 1903 ratio,
1452 1815 1533 1912 quod
1546 1815 1676 1888 Arabia

403 1917 556 2008 [pientes
571 1913 716 1985 helonio.
752 1913 967 1987 Concedimua
985 1916 1112 2014 quidem
1130 1913 1208 1996 hoe,
1234 1915 1306 1984 licet
1319 1937 1374 2010 per
1387 1919 1543 2010 Sapientes
1560 1916 1672 1984 Orien-

410 2015 491 2080 eirl.
510 2012 650 2108 Reg.lV‚
664 2036 719 2104 30.
751 2009 884 2082 Arabes
905 2013 1058 2107 intelligi,
1106 2011 1169 2082 uod
1191 2011 1237 2082 illi
1252 2010 1380 2097 volunt,
1406 2001 1484 2082 nistil
1500 2033 1601 2109 cogat.
1635 2011 1672 2084 td
1731 2029 1733 2034 '

410 2125 516 2178 tamen
538 2127 604 2178 non
618 2108 807 2203 probonmt,
835 2106 910 2180 istos
924 2037 1103 2181 Arabuml

1096 2111 1231 2204 apientes
1249 2087 1367 2208 Magos
1380 2104 1468 2180 fuisse
1482 2110 1650 2204 appellatos
1659 2145 1678 2195 ,·
1805 2131 1806 2142 ¹

406 2202 465 2274 nist
486 2229 505 2274 e
527 2202 594 2274 solo
621 2208 715 2278 Plinii
739 2208 830 2292 loco,
855 2205 892 2277 ad
917 2229 1013 2304 quern
1032 2211 1093 2295 jam
1110 2203 1334 2300 respondimus.
1370 2205 1505 2276 Addunt
1522 2206 1670 2302 quidem,
1805 2263 1806 2304 ,

406 2305 602 2373 Ptolemenoi
626 2307 661 2372 in
679 2303 809 2374 Arabia
828 2307 898 2374 Me
917 2325 1002 2373 oreon
1009 2305 1111 2397 finum
1124 2302 1296 2396 agnoscere:
1322 2297 1372 2374 sed
1389 2300 1461 2373 inde
1477 2327 1544 2374 non
1559 2300 1669 2401 sequi,

405 2399 524 2498 Magos
548 2398 592 2470 ibi
611 2399 808 2472 domicilium
822 2327 965 2497 sededpue
980 2397 1132 2484 habuisse,
1158 2422 1232 2468 tum
1250 2399 1313 2469 aliar
1329 2397 1420 2488 hujus
1437 2398 1670 2472 denominatio-

406 2497 456 2566 nis
473 2493 566 2566 cousae
581 2497 640 2566 elle
658 2498 836 2592 potuerint,
861 2498 966 2593 quivis
982 2495 1021 2568 de
1035 2492 1118 2567 sacili
1133 2495 1225 2568 videt.
1258 2494 1396 2567 Grotius
1412 2493 1669 2592 insuperait,no·

402 2617 476 2662 oeten
491 2591 644 2680 Ἐλύμας,
654 2591 734 2686 quod
747 2617 769 2661 a
785 2597 871 2662 Lura
887 2590 1009 2684 peip&
1023 2598 1179 2678 uertitur,
1189 2591 1267 2680 All.
1278 2597 1371 2666 x111.
1382 2595 1412 2667 8.
1429 2593 1668 2668 aberratione-

402 2693 483 2758 nire.
533 2687 593 2758 Sed
605 2688 688 2760 unde
703 2685 823 2772 constat
840 2691 938 2787 magis
954 2687 993 2759 ab
1013 2689 1154 2762 Arabico
1169 2691 1255 2776 utin,
1281 2691 1369 2788 quod
1375 2690 1547 2790 sapientem
1560 2715 1661 2779 notat,

402 2783 606 2856 derivandum
618 2781 680 2878 hoc
697 2810 815 2856 nomen
831 2783 906 2870 else,
932 2809 1027 2883 quarn
1044 2786 1083 2858 ab
1100 2786 1214 2860 Ebraro
1228 2787 1304 2873 uin,
1329 2789 1417 2886 quod
1432 2789 1466 2860 ln
1483 2788 1596 2886 Hipbil
1611 2813 1665 2860 oe·

399 2883 544 2954 cultandi
560 2879 818 2979 fignificationem
832 2879 945 2954 habet?
971 2891 1077 2982 AEque
1091 2887 1176 2956 enim
1192 2913 1211 2958 a
1225 2885 1322 2959 verbo
1338 2883 1475 2959 Ebreico
1487 2887 1549 2958 dici
1562 2885 1665 2984 potest

400 2983 550 3074 Elymas,
575 2977 662 3078 quast
676 3005 795 3052 neena
808 3004 847 3052 oo
860 2979 1034 3074 abscondita
1042 2983 1144 3075 sciens
1160 2997 1207 3054 (γ’
1219 2985 1378 3080 proferens
1385 3035 1397 3071 ,
1422 2985 1473 3058 vel
1487 2982 1607 3080 obscure
1615 3001 1663 3058 Φ
1806 3043 1807 3056 ,

399 3078 542 3174 ambigue
550 3078 665 3172 futura
679 3085 852 3167 nuncient,
877 3102 912 3150 ac
928 3079 1000 3153 nult
1016 3079 1208 3168 ExonVlt,
1221 3103 1275 3152 22.
1285 3079 1432 3152 dieunmt
1438 3089 1663 3156 incantationes

395 3197 414 3242 a
439 3175 538 3248 'verbo
564 3178 630 3264 ult,
656 3177 742 3275 quod
766 3173 979 3272 absconfioneen
1004 3202 1040 3250 ac
1053 3180 1276 3250 involutionem
1291 3199 1399 3266 notat,
1421 3177 1480 3250 ubi
1495 3181 1529 3250 T

395 3267 488 3342 habet
504 3297 618 3348 vocem
636 3276 797 3370 utrmque
813 3277 964 3346 occultent
976 3273 1209 3370 moffitoeionem
1223 3277 1396 3372 Magorum
1410 3273 1471 3348 deli
1517 3297 1555 3349 at.
1618 3301 1661 3348 tt·
1806 3327 1807 3334 κ

394 3368 435 3440 dc
451 3372 576 3466 Aquila
587 3395 701 3443 vocem
719 3393 829 3446 :atum
836 3423 847 3458 ,
857 3397 928 3468 qua
943 3378 978 3442 dr
993 3376 1134 3470 Magum
1142 3371 1394 3470 notat,appoliee
1409 3373 1461 3445 red
1486 3377 1493 3390 '
1522 3385 1661 3469 ιςνφιι·

362 3537 367 3552 ,
390 3463 462 3552 eie,
487 3491 519 3563 q.
539 3464 569 3536 d.
596 3470 785 3538 occultarum
798 3467 1085 3564 rorumstodiossom.
1133 3469 1218 3544 Vide
1234 3468 1273 3542 ste
1289 3471 1402 3542 Fuller.
1419 3475 1519 3544 Mic.
1538 3476 1580 3560 V,
1603 3495 1658 3546 tt.

391 3561 465 3638 Nisi
481 3566 532 3634 etti
544 3562 627 3634 Lud.
642 3562 681 3635 de
695 3565 783 3634 Dieu
795 3567 989 3664 etymologia
1007 3570 1104 3666 magis
1118 3569 1260 3665 placeat,
1279 3565 1491 3666 qttiEbraettm
1500 3571 1551 3644 vel
1559 3567 1659 3642 Chal-
1806 3627 1807 3654 ³

391 3663 494 3738 deum
515 3661 628 3748 notin,
652 3660 741 3759 quod
757 3663 934 3753 smaetoeeon
957 3685 1062 3752 notat,
1087 3666 1218 3740 nomine
1233 3669 1360 3778 Essenos
1377 3667 1528 3763 exprimi,
1552 3692 1610 3743 nee
1623 3665 1657 3742 id

390 3761 542 3872 altalteto
557 3775 617 3873 rep
634 3767 735 3874 Innio,
746 3759 847 3874 ‘quod
852 3759 963 3855 filium
967 3765 1082 3876 [nnis
1094 3760 1231 3861 designat
1236 3817 1249 3854 ,
1275 3757 1443 3884 discepate
1458 3783 1557 3862 putat.
1581 3763 1658 3884 Ad-

388 3855 423 3952 dt
438 3853 669 3956 polsetHernlu
678 3856 858 3954 contesimo
866 3857 1039 3962 detegunt
1047 3857 1206 3948 Persarum
1214 3911 1226 3958 ,
1235 3865 1486 3968 qua'enopetee
1499 3872 1655 4035 erlnneg:
