3624 4736
301 226 1180 316 Arrs'roretrsFrsonuuruu.
1321 257 1405 346 229

133 361 305 463 omficlibus
320 365 365 436 ad
378 365 545 463 fingularia
558 362 791 462 pregrediamur
806 365 1005 466 l.1.1’bysc.
1019 392 1047 442 1.
1064 371 1172 439 Primo
1187 363 1226 439 sie
1243 373 1329 440 omni
1346 377 1407 468 g'e⁴

134 468 297 536 metatione
317 462 464 536 dicemus.
492 460 547 545 Est
561 466 643 530 enim
656 461 744 532 nursi.
755 459 843 543 uisu
859 471 1033 535 communia
1044 467 1288 565 primorrabla're
1297 520 1308 554 ‚
1317 466 1411 537 dein-

136 561 179 633 se
190 561 234 630 esi
253 567 316 650 resp}
333 561 437 634 iussn
454 560 518 630 iisse
532 563 647 644 θεωρεῖν
668 582 683 629 1
703 559 789 663 Phys
798 586 831 646 7.
850 561 1057 655 vniversaiia
1066 565 1134 657 five
1149 569 1405 667 Communiapri·

138 685 226 732 mum
239 656 500 756 confiderabimus.
550 662 745 756 Propricrum
757 664 843 728 enim
858 662 1090 761 contemplaris,
1116 668 1320 735 communium
1334 687 1409 734 cun·

131 753 324 850 fideraeiune
337 753 482 852 posterior
498 753 551 844 eli,
564 779 596 848 3.
607 753 653 822 Pb
684 811 690 824 .
706 781 734 827 1.

193 869 282 950 W-
306 850 486 924 Necessario
500 873 605 942 autem
621 783 737 950 lsfieri
752 850 1007 940 debere,indicat
1022 853 1232 955 Philosophus
1242 842 1337 944 ,cum
1355 855 1401 928 ob

144 947 393 1038 facilitatemde
410 952 503 1048 qual.
516 949 667 1046 edegen.
679 965 726 1020 (ν
739 975 816 1021 corr.
825 955 1018 1040 9.·Facilius
1028 956 1205 1052 fingularia
1219 976 1336 1026 contem
1356 959 1409 1026 la·

143 1045 263 1135 bimur,
289 1047 411 1147 quando
426 1044 702 1144 deuniuerfalibus
721 1053 809 1146 prius
830 1049 1043 1121 rrcibavimus.
1099 1055 1189 1123 Tum
1215 1051 1260 1123 ob
1283 977 1410 1124 absida

102 1137 111 1155 ’
172 1171 243 1217 uam
258 1149 391 1245 plurima
405 1144 563 1231 evitanda,
589 1167 659 1244 quae
674 1171 748 1217 eum
764 1167 925 1242 prement,
958 1151 1015 1246 qui
1041 1148 1079 1221 de
1101 1145 1408 1246 fingularibusprius

143 1171 248 1316 bitere
264 1245 349 1317 velit
374 1242 601 1340 Tautologiam
617 1244 701 1314 enim
717 1243 1002 1338 committet,idtm
1028 1271 1067 1317 ue
1083 1243 1189 1344 sepius
1204 1246 1294 1318 ditet.
1318 1249 1411 1318 Tan·

145 1342 195 1440 git
209 1339 273 1412 hoc
287 1335 494 1434 Philosophus
509 1344 532 1410 i.
548 1338 624 1410 1.de
632 1359 715 1438 part.
726 1365 812 1411 auc.
827 1363 856 1413 1.
870 1341 992 1412 Utrum
1005 1271 1047 1414 st
1064 1369 1159 1414 urnam
1176 1344 1333 1442 quandam
1346 1341 1410 1416 sm¹⁴
1425 1419 1428 1426 ⁴

144 1441 286 1536 gultrtm
302 1435 474 1522 essentiam,
491 1434 628 1508 hominis
644 1459 739 1535 puta,
759 1435 982 1522 leonis,bovis
994 1445 1054 1510 &e
1065 1442 1233 1536 explicare,
1244 1448 1277 1512 &
1293 1463 1363 1540 quae
1380 1441 1412 1513 ei

145 1561 204 1634 per
218 1535 250 1607 se
266 1535 501 1631 insunt,omnia
518 1537 720 1632 contemplari
736 1555 830 1633 atque
841 1534 1043 1608 determinare
1057 1535 1193 1634 prestet:
1208 1563 1247 1610 an
1263 1562 1339 1612 vero
1358 1563 1412 1624 es,

145 1657 221 1730 que
235 1630 382 1704 omnibus
392 1634 589 1718 communis,
598 1633 737 1730 adeoque
753 1629 931 1706 universalia
939 1629 1115 1730 sunt‚prius
1129 1633 1317 1708 considerare
1333 1659 1414 1706 con·

142 1733 278 1804 ueniat:
303 1737 380 1802 Sunt
401 1733 483 1799 euim
501 1730 616 1812 mulsa,
643 1755 704 1827 que
721 1733 755 1798 ire
770 1731 879 1800 multis
890 1754 1001 1827 genere
1022 1732 1145 1828 quidem
1163 1731 1293 1830 diunfir
1306 1755 1412 1806 occur·

147 1847 243 1917 runt,
267 1826 488 1900 eademramen
504 1828 624 1920 inrerse
639 1831 732 1925 stunt,
757 1845 792 1898 ru
808 1826 949 1920 firmnus,
965 1833 1140 1929 respiratio,
1165 1831 1285 1918 sunio,
1310 1827 1412 1902 demi-

148 1931 357 2012 nutemus.
383 1929 422 1994 Si
434 1942 536 1995 aurem
552 1926 678 2026 asperis
683 1923 789 2020 stasim
803 1926 886 1995 veiis
894 1929 1044 2028 incipere,
1052 1947 1118 2000 eum
1131 1929 1171 2000 de
1184 1931 1293 2001 mulus
1306 1928 1414 2000 eadem
1513 1961 1514 1964 ¹

108 2019 114 2028 '
146 2021 219 2123 [ispe
234 2021 335 2094 dicere
350 2024 488 2114 neceffism
504 2019 635 2093 babebis.
686 2027 778 2094 Nam
793 2028 889 2096 (rin
906 2029 1008 2120 cquis,
1035 2039 1083 2097 err
1101 2031 1136 2096 in
1149 2025 1295 2115 cambus,·
1317 2029 1414 2098 ecia
1473 2021 1476 2028 '

149 2119 325 2193 bominibus
335 2119 421 2192 dille
430 2124 629 2219 proprietates
646 2140 823 2206 occurrunt,
846 2119 978 2217 adeoque
993 2122 1179 2216 explicanda
1196 2129 1292 2221 effere.
1318 2126 1413 2289 qsa-

148 2235 293 2316 prepter,
308 2223 363 2315 qui
376 2216 434 2288 bas
448 2223 532 2288 circa
546 2217 711 2315 quamlibet
719 2216 848 2320 speciem
858 2225 949 2318 prius
971 2220 1128 2315 explicare
1150 2224 1230 2292 velie
1245 2271 1258 2311 ‚
1292 2245 1342 2292 eas
1366 2243 1416 2291 em

145 2319 258 2415 fispirss
272 2313 454 2416 explicabit,
479 2338 626 2410 quatenus
644 2322 678 2384 in
684 2316 783 2416 specie
796 2313 926 2411 diuerfis
941 2314 1131 2387 animalibus
1146 2337 1316 2390 occurrunt.
1332 2320 1415 2388 Haec

151 2410 339 2486 Aristoteles
354 2415 378 2484 b.
392 2411 424 2482 d.
443 2409 583 2484 Gemina
607 2412 700 2485 habes
722 2435 789 2513 cap.
814 2435 843 2506 ς.
865 2416 1032 2512 Necessum
1047 2413 1087 2502 ess
1097 2420 1201 2513 primo
1226 2442 1248 2485 a
1272 2414 1356 2484 nobis
1381 2419 1417 2484 s'a
1534 2501 1537 2508 Ι

151 2507 285 2608 quolibet
293 2535 404 2609 genere
415 2535 452 2580 ea
468 2507 615 2606 disinguc‘
622 2564 633 2597 ,
658 2537 719 2607 que
730 2534 786 2611 per
796 2516 830 2604 [e
843 2507 980 2580 omnibus
993 2509 1181 2582 animalibus
1187 2511 1332 2583 accidunt
1340 2509 1414 2599 ,dm

153 2607 231 2677 uude
241 2610 344 2701 eaufies
359 2633 462 2679 eorum
477 2605 625 2701 affigncre
638 2607 826 2679 conabimur.
868 2611 1020 2678 Diximus
1027 2614 1111 2680 enim
1119 2615 1214 2681 ctiam
1240 2617 1305 2680 rius
1314 2658 1324 2699 ‚
1334 2608 1416 2705 quud

137 2708 413 2776 'muirainmuleis
429 2704 616 2775 animalibus
632 2712 804 2776 communia
813 2631 1326 2807 resumannquedamfimpsicirer,
1336 2733 1416 2804 que-

152 2803 232 2874 darre
241 2827 298 2905 per
313 2806 521 2900 Analogium.
569 2810 682 2874 Verum
691 2806 719 2898 fi
727 2806 847 2897 fecrfim
856 2807 906 2899 fin
927 2807 980 2875 ule
987 2803 1099 2898 species
1117 2810 1206 2902 prius
1229 2804 1418 2894 confideren-

152 2919 226 2986 tur,
251 2905 387 2986 evenire,
410 2899 491 2996 quod
510 2899 626 2970 dissum
639 2908 710 2997 jum
726 2901 780 2990 ιβ,
806 2920 840 2970 ut
857 2831 963 2971 cessem
971 2899 1075 2998 sepius
1091 2899 1250 2984 dicamus,
1275 2897 1416 2996 quande·-

151 2986 280 3096 quissem
296 2997 488 3068 dc‘emnibus
510 2997 613 3068 dicere
636 3000 798 3087 uelimus,
830 3022 891 3092 que
903 2999 1035 3094 fingulis
1048 2996 1201 3096 speciebus
1223 2997 1416 3066 conueniant.

113 3141 119 3152 ·
151 3099 271 3168 Multa
282 3115 385 3167 autem
398 3097 506 3166 multis
512 3099 585 3187 sunt
600 3101 781 3183 communia.
806 3091 939 3166 Confer.
971 3115 1038 3193 cup.
1046 3120 1080 3188 4.
1139 3093 1189 3163 Eu
1212 3090 1260 3162 his
1281 3091 1419 3177 constat,
1487 3129 1491 3137 ·

152 3193 242 3265 hunt
253 3193 396 3266 ordinem
411 3217 428 3263 a
443 3188 635 3289 Philosopho
652 3187 814 3264 observatu
831 3187 1025 3262 necessarium
1042 3190 1100 3259 elle
1105 3189 1339 3282 judicatum‚ut
1347 3213 1419 3290 quae

151 3295 191 3364 in
209 3313 399 3388 quacunque
415 3313 447 3361 rt
461 3290 640 3360 communia
654 3311 836 3373 occurrant,
863 3313 896 3358 ea
911 3288 1015 3383 primo
1030 3287 1103 3356 loco
1118 3289 1150 3358 in
1167 3283 1299 3358 scientiis
1318 3291 1420 3388 expli·

154 3409 284 3475 ctunu,
308 3383 425 3487 quibus
438 3410 490 3471 es,
515 3410 585 3483 quae
602 3388 708 3458 minus
724 3383 795 3456 sunt
811 3382 1007 3468 universalia,
1033 3378 1266 3484 subjungantur.
1413 3385 1417 3391 ’

153 3499 303 3656 niis·
322 3487 499 3653 iiiiii
510 3478 1008 3674 phi‘isi'ihiioiiciiiiirii
1028 3477 1236 3650 iiiiii
1257 3484 1419 3653 ”llil

151 3607 373 3776 msytitiseiple
388 3671 607 3776 syllogismum
624 3605 935 3764 Dimonstrnivum(
945 3700 1012 3774 quo
1028 3677 1182 3748 mediante
1197 3675 1321 3746 selemia
1336 3679 1368 3747 in
1385 3703 1419 3748 a·

153 3781 279 3850 nimum
295 3773 438 3850 distentis
455 3773 679 3862 introducitur,
705 3774 793 3874 quod
810 3795 873 3846 erat
889 3769 961 3843 finis
974 3773 1230 3868 Amlyticorum)
1246 3771 1419 3847 considera·

152 3894 263 3963 turus,
288 3876 374 3972 prius
389 3871 429 3946 de
451 3867 637 3970 Syllogismo
651 3874 714 3971 agit
737 3870 824 3946 libris
846 3869 971 4038 dqubps
996 3867 1152 3969 prioribus
1167 3871 1416 3968 Amyucorum
1465 3915 1467 3920 ·

974 3991 989 4062 3
1376 3976 1421 4042 In
