3658 4728
443 233 530 320 344
622 185 1564 313 loranwrnnrurrnrmm

436 350 581 445 instituit.
610 345 690 416 Inde
706 343 819 440 peden
832 343 979 412 lotionem
995 339 1136 434 institnit.
1168 347 1334 434 Perpetem
1351 344 1387 408 ἃ
1404 335 1594 434 preponere.
1626 339 1704 416 Nee

439 449 553 518 melius
574 469 667 514 mox:
684 441 785 534 finita
797 442 910 508 latim
927 437 1039 528 Judaes
1052 437 1096 506 ad
1111 435 1274 524 Pontifices
1290 433 1378 504 abiit.
1427 436 1598 508 lnoeneffir
1614 442 1701 514 enim

442 544 525 614 inter
540 545 694 614 lotionem
710 545 745 610 dt
760 536 880 608 abitum
896 533 984 632 Judae
1000 535 1164 604 venemrdi
1182 535 1370 604 sacnmemi
1377 539 1626 620 maranum&
1636 535 1701 634 ipse

440 663 504 710 una
522 664 595 710 cum
609 637 718 708 ceteris
737 629 902 730 Apostolis
918 628 1078 716 interfuit,
1104 633 1151 700 uti
1165 653 1281 700 norunt
1295 628 1350 699 est.
1401 631 1461 702 Sed
1477 655 1513 702 ut
1524 635 1703 706 chntscla·

440 761 538 822 vutn,
562 738 604 806 ita
618 758 705 806 error
718 755 853 802 errorem
870 727 991 798 trudere
1006 725 1093 799 solet
1119 726 1290 825 Postquam
1305 728 1380 797 lotis
1392 733 1454 818 jam
1469 726 1701 824 discipulissnn·

440 829 611 904 &numum
631 825 828 902 Euclnrilliae
848 822 1026 919 mysterium
1048 825 1228 910 tradiderat,
1253 851 1329 894 mor
1352 829 1495 895 Senator
1508 827 1703 922 proditorem

441 932 551 1004 acriter
570 930 709 1012 notavit,
734 926 970 995 contentionem
987 921 1218 1018 Apostolorum
1233 921 1272 990 de
1287 924 1419 1018 pritnntu
1433 922 1640 1018 compescuit,
1667 931 1703 998 δι

442 1028 566 1097 tandem
581 1021 772 1096 dulcissimos
789 1021 859 1092 illos
877 1017 1076 1115 Hyblaeoqne
1091 1020 1180 1088 melle
1195 1016 1347 1088 suaviores
1361 1016 1517 1089 sermones
1533 1021 1702 1090 valedicto·
1717 1069 1720 1076 ·

440 1123 505 1193 rios
525 1121 650 1206 habuit,
675 1143 791 1216 quota
808 1115 948 1214 Johanne
964 1110 1032 1185 solo
1046 1117 1320 1207 contitutus.
1331 1117 1499 1186 XVJIVI.
1515 1118 1574 1186 late
1589 1115 1704 1190 descri-

441 1239 514 1314 ptos
530 1218 711 1294 vehemente
726 1216 777 1284 illa
790 1238 825 1282 ac
837 1208 1040 1282 ardentiffinn
1055 1213 1221 1284 adnatrem
1229 1215 1372 1282 oratione
1379 1212 1502 1296 clausit,
1527 1236 1696 1311 quamcap.

443 1319 512 1388 XV
507 1319 555 1387 II.
575 1313 733 1410 johannes
755 1313 906 1382 continet.
946 1309 1090 1380 Drinum
1108 1311 1279 1395 meletiam
1294 1313 1387 1380 nodie
1404 1307 1480 1379 urbe
1497 1313 1578 1396 exit,
1603 1313 1701 1408 inque

441 1413 546 1482 villam
568 1405 779 1482 Gethsemtne
793 1409 952 1504 pervenit,
978 1404 1033 1477 ubi
1049 1432 1183 1505 agonem
1198 1431 1272 1476 cum
1290 1429 1390 1476 morte
1402 1407 1481 1490 init,
1506 1415 1540 1478 δι
1554 1405 1701 1502 precibus

441 1508 481 1580 ad
508 1515 628 1580 Patrem
656 1502 731 1578 fuste
749 1527 795 1576 ter
811 1505 938 1576 calicem
955 1501 1150 1598 deprecatur:
1177 1502 1276 1574 statim
1293 1527 1397 1573 autern
1410 1502 1508 1592 Judnr
1524 1527 1635 1574 armata
1650 1529 1703 1575 ca·

443 1625 527 1678 terve
553 1603 678 1700 stipatus
700 1627 775 1672 eum
797 1603 992 1697 aggreditur,
1018 1604 1119 1697 capit,
1144 1607 1179 1672 δι
1195 1597 1364 1670 abduetm
1379 1597 1584 1672 Pontificibus
1600 1601 1700 1672 tradit.

442 1706 477 1773 A
496 1699 703 1800 quibusdum
718 1701 954 1770 examinatur&
969 1693 1106 1768 lltdibrio
1123 1695 1270 1782 babetur,
1295 1723 1436 1769 necnon
1453 1719 1528 1768 tera
1543 1704 1701 1770 Petrone·
1818 1785 1820 1800 4

442 1819 554 1896 getur,
579 1823 643 1869 nox
656 1794 804 1878 elabinr,
829 1792 955 1892 diesque
971 1786 1116 1866 succedit.
1702 1854 1728 1882 ,
1818 1857 1820 1898 ἐ

492 1897 599 1966 llluxit
611 1892 737 1964 tetidem
750 1886 827 1962 feria
841 1889 940 1978 sexta,
966 1887 1098 1963 studies
1112 1893 1264 1977 Veneris,
1288 1892 1420 1986 inclytus
1435 1891 1485 1961 ille
1502 1897 1536 1962 &
1551 1917 1622 1964 vere
1636 1895 1699 1966 toti
1818 1899 1820 1962 ἑ

445 1991 566 2062 mundo
589 1991 748 2075 saliem,
796 1990 829 2058 ui
847 1984 1007 2062 Parasceve
1021 2007 1090 2060 tunt
1105 1984 1257 2063 Paschatis
1273 2011 1342 2058 tum
1357 1986 1481 2060 sabbati
1493 1985 1703 2062 hebdomoda-

445 2087 483 2158 lis
499 2083 579 2174 fuit,
604 2109 641 2160 ut
657 2085 745 2184 supra
759 2091 795 2158 ol
828 2083 918 2162 nsum
926 2083 980 2156 est.
1006 2090 1116 2184 ltaque
1130 2093 1241 2174 reputer
1255 2097 1407 2176 γενομένης
1419 2085 1541 2157 Matala.
1550 2091 1700 2173 XXVII,

449 2207 478 2255 1.
496 2187 544 2258 vel
561 2208 598 2257 ut
613 2187 740 2257 Marcus
754 2186 797 2258 ait
814 2189 923 2256 ἐυθέωι
941 2181 995 2260 Ωιι
1008 2181 1438 2280 τᾷπμιΐ(]ι>1ιπιιιεεάἰάιιῖι
1450 2189 1481 2252 δὲ
1492 2191 1604 2268 epota)
1615 2183 1704 2280 post-
1819 2211 1820 2256 3

427 2307 542 2379 ¹quant
557 2286 590 2354 in
604 2283 754 2377 Synedrio
770 2278 925 2353 accusatus
938 2305 973 2351 ac
991 2283 1087 2354 morti
1101 2279 1266 2352 destinatus
1282 2275 1371 2365 esset,
1396 2281 1432 2351 ad
1451 2277 1609 2352 presidem
1621 2283 1702 2352 Pila·
1819 2275 1820 2354 i

430 2397 512 2450 tum
530 2383 563 2450 in
580 2379 763 2452 Pretorium
779 2379 920 2463 ducitur,
944 2403 1013 2475 quo
1029 2375 1139 2448 infami
1152 2373 1306 2471 supplicio
1319 2379 1476 2476 plectatur.
1503 2374 1608 2473 Ipsum
1617 2380 1701 2450 enitn

442 2476 643 2570 Synedriunr,
669 2473 756 2571 quod
771 2473 958 2562 judiciorum
976 2475 1152 2568 capitalium
1169 2471 1318 2571 potestate
1333 2477 1426 2570 paulo
1444 2495 1514 2544 ante
1529 2472 1587 2545 fibi
1595 2477 1702 2547 adem-

443 2591 499 2668 pte
519 2569 755 2656 destituebatur,
780 2575 939 2642 neminem
954 2570 1099 2642 damnare
1116 2591 1170 2642 aut
1193 2567 1363 2640 interficere
1381 2593 1519 2667 poterat,
1545 2576 1591 2654 uti
1616 2575 1699 2647 vele

425 2672 567 2762 ¹propria
592 2667 771 2766 judaeorum
794 2663 988 2740 consessione
1011 2669 1111 2764 liquet
1135 2668 1213 2764 Joh.
1232 2669 1364 2753 XVIII,
1382 2691 1431 2760 3¹·
1454 2671 1517 2756 νῖμτι
1543 2674 1580 2736 ἐκ
1607 2669 1701 2752 licen

440 2763 607 2834 droeleivrn
623 2768 726 2834 ι’δὲιω.
774 2765 862 2836 Nam
876 2765 989 2840 arctior
1002 2759 1083 2835 stela
1098 2787 1161 2837 erat
1175 2763 1235 2836 isto
1248 2787 1388 2860 ternpore
1405 2768 1531 2836 Sentttu
1547 2764 1701 2837 Hieroso.-

442 2860 581 2956 syntitani
597 2857 783 2951 jurisdidlio,
808 2884 882 2932 curn
896 2885 965 2956 pars
984 2861 1090 2953 ludaee
1107 2863 1214 2958 potior
1229 2863 1262 2930 in
1279 2865 1470 2956 provinciam
1485 2859 1701 2952 ellctrededla,

443 2957 635 3044 constituto,
660 2981 696 3028 ut
716 2954 815 3030 ferme
831 2959 864 3028 in
880 2955 1029 3030 omnibus
1050 2961 1219 3053 provinciis
1236 2960 1374 3028 Rotnani
1390 2962 1535 3054 Imperii,
1552 2985 1592 3030 ne
1608 2964 1703 3034 Sena·

340 3129 343 3138 ,
444 3075 494 3126 tus
510 3081 702 3156 quemquam
717 3057 825 3127 mortis
840 3052 996 3151 supplicio
1013 3052 1078 3125 sine
1094 3056 1233 3126 Romani
1248 3053 1382 3142 Praestdis
1397 3053 1543 3126 consensu
1559 3055 1700 3130 alliceret.

441 3153 520 3224 Hoc
536 3155 568 3223 in
588 3152 739 3225 Pandedie
755 3149 961 3249 Digestorum
975 3153 1236 3226 Talmudicorurn
1255 3155 1317 3222 titt.
1332 3152 1370 3223 de
1387 3151 1699 3249 synadensem.

442 3265 473 3316 to
490 3249 660 3320 luculenter
675 3249 835 3322 indicetur.
861 3245 929 3346 lpse
946 3273 1076 3346 quoque
1090 3248 1300 3318 Maimonides
1318 3251 1351 3318 in
1371 3252 1451 3316 Hal.
1463 3249 1555 3318 Sanh.
1569 3253 1698 3326 c.XIV,

441 3343 551 3416 diserte
568 3348 626 3416 ait:
653 3347 766 3418 intuo
787 3369 875 3420 nrum
896 3371 950 3420 ϊι
971 3347 1040 3420 riui
1063 3370 1113 3419 uu
1132 3369 1182 3418 nu
1205 3369 1275 3443 μιιι
1298 3369 1367 3441 unp
1386 3370 1447 3418 niu
1461 3368 1564 3427 nutrit
1588 3349 1703 3416 Anm's
1820 3377 1821 3420 ι

443 3445 518 3516 XL.
538 3461 610 3509 ante
624 3445 778 3513 excidium
796 3447 900 3542 temple
905 3443 1032 3540 flectendi
1043 3443 1151 3514 ablata
1159 3447 1229 3536 sunt
1235 3441 1361 3533 judicia
1369 3443 1569 3538 capitalius
1578 3445 1701 3538 israele.

440 3541 492 3612 Sic
515 3543 549 3606 δι
575 3537 617 3607 R.
642 3537 749 3610 Moses
773 3539 939 3612 Kotzensrs
961 3543 995 3612 in
1017 3545 1128 3643 Sepher
1152 3546 1305 3617 Minoas
1314 3541 1421 3638 gadol.
1434 3565 1465 3610 n.
1481 3543 1556 3612 183.
1583 3537 1705 3614 Nescio

441 3632 1706 3830 ‘Ill‘nlll‘llblllllllsslsslsil‘lslrlsl'fflll‘llsl

420 3881 423 3895 .
443 3759 482 3900 iis
504 3853 616 3925 genere
642 3827 805 3904 Christum
829 3831 968 3906 occidere
977 3761 1146 3936 gSynsdrio
1158 3759 1317 3932 ultegrutli
1329 3761 1442 3938 suilleg?
1467 3787 1516 3906 Ital
1530 3827 1705 4000 finehgili

1325 3983 1328 3990 ·
1668 3951 1708 4002 01
