3658 4726
403 214 494 323 398
649 211 1366 302 Grono.'Enrc.Pnanarnauua
1420 261 1423 269 Α
1480 264 1482 272 ·

406 352 453 424 nia
469 367 504 420 ut
520 348 759 441 Aristobulum,
784 364 847 445 jam
860 359 996 432 amicum
1015 351 1161 440 Caesaris,
1189 377 1312 428 veneno
1329 353 1489 440 tollerent,
1514 353 1678 455 josephus·

401 443 458 518 lr'lr.
471 451 559 520 XIV.
570 474 595 520 c.
611 475 662 550 13.
678 449 874 526 abAntonio
889 481 983 540 vero,
1010 455 1258 552 utAntigonum
1268 452 1350 522 illius
1364 449 1466 526 filium
1476 453 1668 550 qui&Ale-

401 543 515 720 ιιιιῗι
529 545 629 660 dietus
644 547 725 637 fuit,
750 546 847 624 securi
861 547 1255 648 percuteret,Josephusd.
1269 548 1324 620 lib.
1336 553 1424 622 XIV.
1438 549 1664 646 c.fin.&1>lut.

406 665 441 710 m
497 662 581 714 neon.
599 669 642 714 tm
677 649 785 720 'travit
880 691 883 694 ·
1119 665 1121 670 ’
1472 693 1474 697 -

451 736 620 812 Restabant
635 671 710 816 titire
724 743 762 816 de
776 743 1026 819 Maceabaeorum
1042 742 1187 844 languine
1203 747 1367 840 Hyremus
1376 729 1530 820 ¹l’ontlfeu
1539 746 1666 836 jamde-

402 837 555 932 trepitus,
579 836 720 1008 illiuspue
745 867 782 914 ta
805 840 870 914 filia
893 867 1011 939 nepos,
1037 840 1255 927 Arillobulus,
1282 848 1316 916 δι
1341 845 1442 936 neptis
1469 845 1662 932 Mariamnc,

403 949 540 1029 quorum
556 955 641 1032 pater
670 941 716 1009 uir
736 942 820 1036 rapti
835 938 1014 1011 Arillobuli
1031 935 1136 1025 filius,
1160 940 1362 1036 Antigonus,
1389 938 1450 1010 five
1465 941 1663 1030 Alexander,

403 1054 501 1125 quem
516 1028 615 1106 letari
629 1033 668 1106 ab
682 1039 831 1108 Antonio
845 1033 1017 1132 percussum
1030 1037 1180 1109 diximus.¹
1200 1037 1383 1128 Hyrcanum
1393 1033 1549 1108 blanditiis
1558 1063 1595 1110 ex
1604 1042 1669 1110 Ba·

347 1163 349 1174 1
405 1123 521 1220 bylone
546 1132 660 1204 iterum
681 1126 930 1228 Hierosolymam
953 1135 1157 1230 pentadium,
1183 1133 1320 1228 primum
1336 1133 1480 1204 Herodes
1494 1136 1528 1204 in
1543 1133 1670 1206 summo

404 1221 526 1298 honore
542 1224 668 1313 habuit,
693 1229 771 1300 adeo
787 1251 823 1300 ut
837 1237 870 1300 &
887 1253 1014 1327 neptem
1031 1233 1239 1303 Mariamnem
1256 1227 1419 1300 connubio
1437 1227 1493 1300 sabi
1502 1236 1665 1328 jungeret,

404 1326 438 1392 δι
460 1320 700 1412 Arillobulum,
724 1324 874 1397 submoto
897 1329 1061 1416 Ananelo,
1089 1323 1278 1400 Pontificem
1302 1324 1459 1396 [tammum
1482 1328 1667 1415 declararet3

405 1437 508 1490 tamen
523 1446 563 1492 ne
579 1420 611 1492 hi
628 1424 757 1520 quidem
772 1425 958 1496 crudelitatis
977 1427 1059 1496 illius
1075 1426 1196 1520 tyranni
1212 1425 1324 1494 evitare
1339 1445 1509 1517 potuerunt
1522 1419 1667 1496 fttlmina.

404 1515 491 1586 Nam
505 1515 729 1592 Atillobulum
745 1521 874 1619 quidem
889 1526 923 1594 in
962 1520 1053 1592 'astina
1068 1544 1223 1593 natantem
1240 1517 1324 1617 quast
1340 1544 1395 1616 per
1408 1519 1669 1594 ludumsubmer-

403 1608 488 1700 sum,
515 1617 730 1709 parricidarum
754 1644 851 1689 manu
865 1547 1063 1715 praeliicavitt
1088 1620 1295 1690 Mariamnem
1311 1641 1405 1702 vcro,
1431 1624 1465 1688 δι
1481 1620 1668 1711 Hyrcanum

403 1705 486 1787 fetro
500 1710 637 1800 lustulit,
664 1715 703 1786 de
719 1714 834 1814 quibus
849 1715 999 1788 omnibus
1013 1717 1071 1787 late
1089 1713 1206 1832 [σφῷ
1222 1709 1373 1812 josephus
1387 1712 1442 1789 ub.
1453 1715 1541 1787 XIV.
1551 1741 1578 1786 c.
1590 1727 1664 1813 3.6.
1700 1759 1704 1764 -

405 1809 969 1909 &1o.&lib.XV.cap.13.&28.
1057 1853 1062 1862 ·
1145 1827 1198 1900 ,ἦ
1245 1890 1248 1898 ,

400 1926 404 1932 ’
450 1910 563 2002 Atque
578 1906 641 1978 hart
658 1910 788 2005 quidem
803 1909 841 1982 de
857 1933 931 1982 ortu
941 1919 973 1982 ὃ(
987 1913 1116 1984 interitu
1123 1910 1315 2004 Principatus
1325 1908 1472 2005 &Regni
1481 1906 1668 1982 Maccabaei-

405 2003 434 2072 ci
459 2000 630 2076 brevilltma
648 2011 790 2078 narratio.
840 2009 891 2078 Ex
907 2033 969 2105 qua
986 2031 1091 2081 umen
1106 2008 1174 2078 luce
1191 2005 1358 2080 meridiana
1373 2005 1482 2076 clarius
1499 2029 1599 2103 patere
1617 2035 1669 2080 ar-

400 2093 518 2182 bitro'r,
545 2119 610 2172 tota
627 2105 721 2190 etiam
736 2103 792 2179 hac
809 2102 939 2178 secunda
952 2106 1102 2201 periodo,
1130 2101 1278 2216 usquead
1294 2127 1427 2200 regnurn
1442 2104 1599 2190 Herodis,
1609 2101 1668 2175 sub

247 2208 252 2212 ’
404 2219 471 2291 quo
486 2194 632 2268 Christus
644 2202 691 2271 D.
706 2203 754 2272 N.
771 2225 860 2272 natus
873 2199 919 2274 est
934 2208 967 2270 τό
982 2203 1076 2294 κύριον
1093 2209 1141 2279 τῆς
1159 2222 1311 2272 moneretur
1326 2200 1483 2296 Judalcae,
1509 2205 1669 2297 penestri-

403 2287 481 2366 bum
498 2297 595 2380 Levi,
622 2303 654 2366 δι
669 2324 707 2367 ear
724 2300 774 2368 illa
788 2300 957 2387 oriundos,
983 2300 1196 2380 Maccabaeos,
1222 2299 1352 2370 minime
1363 2321 1436 2366 vero
1446 2323 1539 2392 penes
1548 2296 1668 2372 tribum

399 2385 505 2479 Juda,
531 2413 584 2462 aut
601 2395 732 2466 Davidis
755 2393 844 2466 luilse
857 2395 1007 2492 posteros.
1055 2395 1121 2468 Etst
1135 2417 1239 2467 autern
1256 2393 1320 2466 huc
1336 2417 1398 2464 tarn
1413 2393 1572 2466 manilesta
1587 2392 1668 2482 fint,

401 2507 438 2556 ut
451 2513 491 2558 ne
509 2489 683 2562 Carneades
698 2491 826 2588 quidem
842 2495 880 2563 de
896 2496 933 2567 iis
950 2493 1112 2566 dubitandi
1126 2495 1227 2565 anlam
1245 2489 1356 2562 habere
1372 2490 1483 2586 pollat:
1510 2494 1601 2564 video
1620 2516 1670 2564 ta·

401 2607 475 2654 men
497 2581 656 2674 summos,
682 2588 1011 2687 excellentiffimosque
1032 2595 1116 2664 viros
1138 2593 1171 2662 in
1190 2614 1316 2662 erronea
1337 2589 1391 2658 illa
1406 2588 1443 2660 de
1461 2587 1545 2658 tribu
1563 2589 1666 2685 Juda,

400 2682 554 2777 opinione
569 2683 645 2754 adeo
661 2681 834 2758 obfirmalle
848 2689 1005 2776 animum,
1023 2713 1059 2760 ut
1074 2691 1155 2760 illius
1169 2685 1253 2756 rausa
1261 2681 1537 2782 gravissimislacrae
1546 2694 1578 2757 δι
1589 2710 1667 2780 pro·

402 2771 482 2848 sana:
496 2777 630 2854 historiae
645 2782 841 2869 rudioribus,
866 2810 903 2854 os
919 2782 1100 2872 obvertere,
1125 2788 1194 2856 itno
1211 2791 1244 2854 δι
1260 2805 1374 2856 naturae
1391 2785 1454 2854 vim
1470 2781 1590 2868 facere,
1610 2800 1669 2856 ιιι·-

400 2875 512 2976 rosque
529 2902 566 2949 ex
581 2878 667 2950 tribu
682 2882 762 2954 Levi
775 2879 987 2970 llrlatcabaeos,
1012 2886 1046 2955 in
1064 2883 1153 2982 Judae
1170 2877 1288 2954 tribum
1305 2884 1380 2952 mira
1395 2901 1457 2952 arte
1467 2878 1667 2976 transplanta-

399 2999 434 3046 re
446 2976 510 3048 aust
523 2973 652 3050 fuerint.

447 3078 569 3146 Vtrum
585 3080 671 3148 enim
688 3084 780 3163 iero,
807 3102 879 3148 cum
896 3081 1064 3150 errantium
1084 3080 1263 3148 communis
1279 3075 1342 3151 haec
1353 3070 1546 3160 fortunasrr,
1572 3079 1667 3151 utvia

399 3173 501 3266 Regia
517 3171 610 3246 semel
625 3176 744 3262 rrliiia,
771 3199 826 3273 pet
841 3178 924 3248 varia
937 3173 1183 3270 labyrinthorum
1196 3174 1375 3248 diverticula
1392 3177 1424 3249 in
1441 3170 1570 3254 diverky
1578 3169 1663 3243 abri-

258 3273 259 3278 ’
399 3270 523 3362 piantur
542 3275 733 3364 opinionum
750 3271 917 3372 ambages:
952 3276 1055 3344 mirari
1071 3297 1168 3344 nemo
1183 3273 1302 3361 debet,
1332 3271 1415 3344 idem
1430 3269 1610 3342 doetiffimis
1628 3271 1663 3340 in

398 3363 459 3435 hot
476 3371 607 3461 negorio
623 3368 680 3440 usu
696 3375 800 3442 renim
814 3375 896 3444 viris.
949 3375 1030 3442 Sunt
1043 3373 1147 3455 enim,
1173 3374 1230 3467 qui
1247 3372 1375 3442 Nicolai
1391 3369 1429 3444 de
1447 3373 1543 3463 Lyra,
1558 3366 1663 3436 Dion.

383 3461 594 3536 -carrhnsran
620 3465 867 3539 (tenebrarunt
890 3469 995 3566 Epilt.
1020 3465 1172 3542 Abulens.
1198 3465 1432 3540 auetoritatibus
1458 3464 1664 3548 inhaerentes3

242 3589 245 3596 ·
398 3559 596 3634 Maccabeos
609 3561 705 3634 tribui
717 3563 808 3656 Judae
822 3561 892 3636 satis
908 3568 1078 3639 commode
1090 3567 1244 3638 inoculari
1260 3560 1343 3660 polle
1359 3562 1552 3648 existimant,
1567 3560 1666 3634 fima-

398 3683 521 3731 tetnum
540 3661 666 3732 illorum
682 3685 800 3758 genus,
825 3687 862 3733 ex
877 3664 977 3765 Regia
991 3663 1122 3736 Davidis
1136 3661 1230 3760 llirpe
1245 3663 1425 3757 decerptum
1437 3658 1525 3735 suilla
1534 3680 1668 3730 conten-

397 3759 479 3828 rlant.
506 3760 575 3830 Alii
591 3783 680 3844 vero,
709 3760 842 3831 Paulum
855 3763 961 3844 illurn,
989 3764 1066 3833 olim
1086 3761 1249 3856 Judaeum,
1275 3759 1345 3854 poll
1363 3753 1665 3856 Carthaginensem,
1720 3785 1722 3789 ·

275 3895 281 3905 .
395 3861 428 3926 δι
445 3857 567 3930 tandem
582 3855 773 3958 Burgensem
790 3854 1002 3958 Episcopum,
1027 3861 1126 3988 ¹Regia
1144 3855 1284 3932 Castellae
1296 3855 1451 3950 Johuanis
1460 3909 1471 3944 ,
1485 3853 1666 4024 Afflffffi]
