3580 4736
273 183 1163 306 Heums'uurflConuruorr
1293 211 1370 297 157
1469 245 1470 250 ι

152 353 238 424 Νοιι
264 351 297 420 in
323 345 432 416 omnia
451 362 546 438 porro
572 329 767 429 Assyriorum
785 323 950 398 succeffisst
964 323 1099 411 Medos,
1126 321 1178 398 sed
1193 324 1293 396 saltim
1310 332 1373 398 Bs-

108 449 254 546 bylonios
278 441 419 518 latiffime
443 439 620 510 dominatos
642 426 700 500 esst
723 427 813 496 omni
835 425 945 517 Syriae,
971 447 1037 492 non
1053 423 1158 492 minus
1173 419 1237 493 scre
1256 449 1294 492 ex
1311 429 1374 494 Be-

107 546 185 632 rosr,
212 538 443 642 Megrslhsnis‚
460 528 629 606 Alexandri
643 519 844 618 Polyhistoris
860 516 1040 616 fragmentis
1065 517 1109 586 est
1124 515 1236 589 discere
1245 571 1256 605 ,
1279 546 1374 618 quatu

108 671 143 716 ex
158 639 322 719 codicibus
335 637 444 708 Sacris
472 631 630 703 Pertinent
647 624 731 693 enim
750 619 810 689 buc
826 613 1036 688 illsBerosrde
1048 613 1377 700 Nabuchodonosare,

108 749 235 840 ejusque
251 734 400 838 polletis,
418 755 489 830 quae
504 727 611 800 recitet
627 715 780 820 Joscphus
795 719 856 784 lx.
877 719 994 808 Anciq.
1012 739 1038 782 c.
1053 737 1104 782 ιι.
1125 721 1157 784 &
1175 716 1199 782 l.
1213 737 1241 783 1.
1268 735 1377 784 conus

109 841 291 935 Anionem,
315 857 354 904 ut
368 838 402 902 δι
421 852 491 927 quae
507 820 680 918 Abydenus
696 812 788 886 habet
814 837 852 882 ex
872 807 1075 908 Megasthene
1098 810 1180 904 apud
1205 807 1378 880 Eusebium

111 939 135 1006 1.
149 959 195 1006 nn
215 936 581 1026 necromanticum.
606 938 676 1015 quae
695 911 830 1008 denique
846 933 884 978 er
903 905 1083 980 Alexandro
1093 902 1286 1002 Polyhissore
1296 909 1381 980 idern

109 1029 262 1104 Eusebius
274 1031 386 1102 'recitat
398 1027 420 1096 l.
436 1048 482 1093 rx.
497 1041 565 1116 cap.
579 1041 594 1110 3
600 1042 635 1106 9.

154 1130 208 1198 De
227 1151 369 1223 tempore
386 1141 520 1219 quoque
531 1110 639 1186 evmsae
654 1108 740 1180 Nini
754 1101 836 1175 haud
852 1103 988 1174 multum
1006 1097 1046 1174 ab
1068 1101 1267 1182 Herodoto,
1303 1103 1375 1198 plu-

109 1229 224 1298 rimum
242 1247 318 1298 vero
334 1248 352 1293 a
368 1216 474 1292 Cressa
496 1212 629 1286 dissentit
652 1200 815 1304 Josephus.
873 1198 973 1271 Libro
990 1200 1107 1298 quippe
1130 1222 1180 1269 rx.
1198 1204 1374 1294 Antiqui:

108 1347 195 1396 ιιι.
213 1322 339 1394 Naumi
354 1314 517 1412 Prophetae
532 1311 571 1381 de
590 1309 674 1380 Nini
690 1298 813 1372 excidio
830 1298 1029 1380 vaticinium,
1055 1317 1181 1366 centum
1198 1297 1377 1394 quindecim

109 1445 205 1492 runos
218 1416 291 1519 post
307 1441 414 1514 regem
429 1408 613 1510 Jothamum
629 1420 743 1475 evenus
759 1398 801 1467 ait
813 1390 870 1464 esse
886 1417 960 1464 com
983 1390 1144 1463 roborum:
1154 1392 1241 1489 quod
1250 1393 1375 1488 tempus

108 1541 181 1687 §usn
198 1515 383 1686 Pdisessriiii
393 1507 539 1606 Cyaxaris
555 1501 722 1584 convenit,
748 1493 806 1592 qui
822 1513 926 1564 tamen
948 1417 1006 1562 siib
1030 1485 1128 1562 finem
1151 1491 1280 1561 demum
1304 1491 1376 1564 vitae

145 1641 238 1686 mum
384 1632 407 1680 t.

162 1710 254 1782 Cum
266 1709 438 1784 Herodoto
457 1709 600 1802 proteron
616 1693 716 1768 facere
733 1685 905 1791 Josephum
913 1738 924 1772 ,
932 1706 968 1756 ut
984 1688 1017 1756 &
1026 1679 1217 1779 Dionysium
1226 1684 1377 1780 Halycsr-

111 1806 248 1883 uasseum
264 1811 303 1882 de
321 1828 462 1903 ternpore
481 1799 614 1874 Medicae
630 1787 833 1874 defessionis,
857 1793 920 1876 jam
937 1777 1293 1878 tumsupraditiumest.
1319 1781 1376 1851 Li·
1476 1781 1478 1786 '

110 1928 162 1978 cet
177 1933 253 1980 vero
266 1907 375 1979 addere
392 1910 426 1974 δι
443 1899 603 1988 Vellejum
617 1889 825 1960 Paterculum.
876 1882 932 1952 Ille
948 1880 1034 1951 enim
1049 1881 1072 1947 l.
1087 1903 1149 1948 nc.
1158 1886 1190 1948 6.
1211 1880 1254 1949 ita
1268 1879 1377 1976 loqui*-

26 2051 30 2058 ·
111 2025 180 2076 ture
208 2011 384 2102 Inseqseme
400 2019 531 2093 tempore
544 1995 705 2090 imperium
723 1975 967 2078 Asturicumalr
985 1977 1117 2072 Affinis
1128 2028 1136 2058 ,
1147 1981 1200 2072 qui
1215 1974 1250 2045 id
1256 1975 1378 2044 obtinu-

112 2123 201 2173 erm
216 2110 311 2174 annis
328 2105 412 2172 mille
420 2083 826 2194 septuaginta,traenrsatum
839 2073 927 2170 estad
939 2070 1203 2153 Medmabhinc
1211 2078 1303 2142 annis
1303 2075 1378 2166 ser-

110 2225 160 2270 ne
170 2203 369 2304 septingentos
373 2199 577 2296 septuaginta.
602 2191 640 2254 ln
653 2180 737 2254 hunc
752 2171 976 2248 modumenim
984 2165 1379 2240 lubentconslmtereodi-

109 2321 161 2370 css
177 2321 253 2370 cum
269 2299 351 2395 typis
365 2288 482 2372 excuss,
492 2312 559 2360 tum
569 2273 787 2371 manuscripti,
799 2295 866 2344 non
880 2291 955 2340 vero
965 2284 1154 2335 occcnxx.
1171 2260 1380 2360 utLipfius&

110 2396 249 2493 Scaliger
262 2394 429 2492 legendum
444 2383 579 2461 censent
603 2377 716 2450 Edidit
727 2393 829 2442 autem
846 2361 1004 2437 historiam
1018 2357 1102 2432 stum
1118 2360 1258 2448 Velleius
1266 2361 1380 2431 Marco

111 2495 238 2563 Vinico
256 2491 414 2576 Consule,
440 2485 472 2558 h.
488 2509 516 2555 e.
544 2489 596 2571 (ut
616 2471 698 2548 Fasti
723 2463 909 2538 Consulares
936 2455 1130 2534 monstrans)
1157 2481 1240 2528 anno
1261 2456 1383 2554 periodi

111 2591 243 2688 Julienoe
261 2615 336 2686 474
367 2641 379 2674 ,
403 2615 421 2658 a
443 2607 511 2684 quo
526 2599 609 2651 retro
624 2570 647 2642 sr
664 2590 807 2641 numeres
826 2584 924 2634 armos
941 2553 1151 2653 septingentos
1167 2551 1381 2652 septuaginta,

108 2689 257 2784 peremis
274 2689 329 2784 qu’
418 2683 457 2756 ad
470 2701 589 2752 mnum
602 2665 724 2769 periodi
743 2660 880 2753 ejusdem
901 2681 915 2750 3
920 2679 1011 2767 273,
1036 2655 1093 2749 qul
1110 2652 1221 2751 viginti
1238 2653 1381 2749 quinque

109 2748 1143 2980 ιιιιιιιι
1161 2745 1382 2916 ιι

254 2902 286 2966 ι,
371 2905 394 2950 o
426 2902 471 2948 on
493 2897 542 2944 rus
891 2899 892 2902 ι
1326 2869 1361 2914 ιιι

109 2985 146 3050 &
164 2978 339 3050 Medontm
354 2901 592 3067 inimicoque
606 2958 714 3036 diserte
730 2976 780 3026 tot
787 2957 890 3047 ferm
906 2970 1005 3018 annos
1019 2937 1164 3014 effluxisse
1179 2937 1291 3010 scribit
1367 2890 1382 2932 ³

163 3076 325 3172 Magnum
339 3071 499 3172 postremo
515 3063 651 3138 verintis
664 3069 884 3154 argumentum
900 3041 964 3128 est,
988 3039 1076 3138 quod
1102 3034 1200 3133 posue
1221 3033 1383 3108 Herodoti

109 3171 263 3246 smtenue
277 3172 316 3244 de
329 3193 474 3267 unipore
488 3158 672 3239 defessionis
685 3149 835 3230 Medico,
846 3144 939 3238 longe
948 3139 1295 3233 nugisveroappareaot
1303 3155 1386 3202 con-

110 3267 275 3356 strutam,
292 3293 364 3368 quer
377 3268 416 3338 de
433 3261 583 3359 Assyrisei
599 3251 722 3350 mperii
739 3243 900 3317 duratione
916 3231 1026 3331 psffim
1041 3227 1221 3314 tradunnsr,
1271 3253 1342 3300 uam
1359 3225 1385 3300 li
1508 3229 1512 3237 '

112 3365 228 3441 Cresia
244 3363 359 3440 subruis
374 3362 526 3436 inherens
574 3359 699 3428 verum
714 3343 776 3421 boc
790 3331 925 3446 seorsum
941 3323 1149 3406 demonibus
1165 3321 1202 3401 so
1313 3321 1388 3400 fue-

111 3455 630 3565 ritlntulsbsqueoperaeptetio
