3658 4726
434 217 521 336 '408
681 205 861 292 Groto.
890 183 1026 285 E'trc.
1056 195 1402 282 Pnttutrttuus

437 351 586 454 responsis
599 347 716 426 censuit
733 355 903 444 Imperator
919 345 943 412 l.
958 365 987 412 1.
1003 341 1071 437 §.o
1105 341 1146 410 C.
1164 343 1206 410 V.
1220 335 1253 451 J.
1266 339 1307 409 E.
1322 338 1400 411 illud
1416 331 1584 438 sequimur.
1615 345 1699 423 soli,

436 451 601 549 Prophetis
618 457 652 522 &
667 445 850 543 Apostolis,
875 443 932 538 qui
950 438 1122 514 θεόπνευςοι
1136 439 1236 508 locuti
1248 431 1336 520 sunt,
1351 433 1592 535 Pythagoricum
1600 443 1695 519 illude

435 551 529 622 dordr
544 549 629 635 toa,
655 545 825 640 competit,
850 539 961 636 reliqui
976 561 1103 621 omnes,
1128 553 1251 633 quantas
1264 553 1387 630 quantae
1403 529 1475 605 sunt
1491 537 1697 628 eruditionis,

431 643 634 717 humanitatis
661 639 788 731 subjedi
807 635 878 708 sunt
899 630 1150 719 conditionibus,
1175 633 1255 702 inter
1268 653 1346 727 quas
1363 635 1453 726 praeci
1476 632 1589 721 mest,
1612 635 1700 734 polle

437 763 543 813 errare.
593 741 739 838 Agnovit
756 733 834 808 hmc
856 733 984 806 humani
1007 731 1126 829 ingemi
1143 726 1387 800 imbecillitatem
1402 656 1475 824 ips
1609 735 1616 748 '
1686 787 1701 824 ,

436 844 472 908 δι
493 859 655 934 propterea
671 836 802 935 graviter
817 829 888 902 suos
902 824 1068 924 discipulos
1082 827 1248 912 admonet,
1272 849 1313 894 nc
1327 824 1502 898 dilectionis
1515 828 1621 902 ardore
1638 829 1698 901 ab·

438 937 517 1030 tepti
533 960 591 1031 pro
608 929 676 1030 ipso
691 952 798 1005 contra
813 931 970 1002 veritatem
985 951 1069 995 arma
1084 921 1233 1018 suscipere
1253 921 1393 993 audeant.
1444 927 1481 992 Sa‘
1495 950 1544 995 me
1557 931 1605 997 ita
1618 926 1701 999 dili-

432 1038 535 1128 gt'tis,
560 1033 682 1127 inquit,
710 1025 820 1125 (Epis.
830 1029 865 1096 V
860 1029 924 1111 II.)
940 1043 972 1092 ut
985 1049 1034 1091 me
1047 1019 1375 1118 nusquamscriptorum
1383 1045 1519 1094 tuemur
1526 1025 1700 1122 massedi-

435 1134 541 1213 catis,
557 1128 679 1223 frustra
699 1122 865 1208 laboratis,
890 1144 944 1190 nec
956 1117 1065 1189 bonam
1077 1117 1199 1233 ‘⁴¹‘st
1210 1119 1376 1230 fitsctpitt's,
1393 1119 1553 1233 facileque
1568 1145 1617 1234 snt
1635 1121 1698 1222 ipse

433 1222 891 1420 lsl‘tsssllfllla
904 1219 1565 1410 {lllsslls‘ftljssldssl3
1584 1239 1700 1406 ill-¹21

437 1420 562 1514 quisque
579 1415 748 1511 quodlibet,
773 1432 894 1483 tantum
909 1430 1015 1481 canna
1031 1407 1224 1499 manifestam
1230 1405 1330 1502 fidem
1344 1408 1700 1508 Apostolicaetnnonsen-

437 1518 508 1582 ciat.
557 1509 657 1600 Quod
679 1536 752 1582 cum
768 1512 864 1605 igitur
880 1507 960 1578 beati
975 1509 1019 1579 iili
1034 1515 1136 1590 Patres
1151 1508 1184 1576 in
1197 1502 1252 1574 hle
1268 1499 1353 1576 causa
1371 1531 1437 1576 non
1453 1505 1601 1593 viderint,
1627 1531 1700 1604 quae

438 1608 569 1681 videndo
581 1628 683 1691 erant,
708 1604 863 1700 sceptrum
878 1629 990 1699 nempe
1006 1599 1179 1699 captivitate
1194 1595 1311 1689 soluta,
1335 1600 1375 1673 de
1389 1600 1473 1673 tribu
1487 1601 1699 1700 JudainLevi

440 1703 608 1789 transtisse,
643 1725 749 1776 contra
772 1703 897 1772 illorum
921 1702 1104 1797 opinionem
1125 1698 1254 1783 sentire,
1277 1695 1348 1864 lipso
1367 1695 1551 1793 Augustino
1571 1699 1699 1789 judice,

437 1799 532 1872 nobis
545 1825 611 1871 non
626 1799 718 1872 licere
735 1824 800 1869 non
817 1795 901 1893 polle
918 1793 1113 1892 perspicuum
1126 1793 1189 1880 est,
1214 1817 1279 1890 prae¹
1290 1798 1380 1866 ertim
1390 1797 1423 1867 in
1432 1791 1610 1884 hujusmodi
1618 1821 1701 1870 con-

431 1896 609 1981 troversia,
636 1901 724 1986 cujus
747 1893 838 1966 cardo
854 1917 922 1964 non
938 1895 972 1964 in
986 1893 1115 1964 articulo
1129 1894 1237 1990 aliquo
1251 1887 1342 1976 fidei,
1368 1887 1417 1963 sed
1432 1889 1702 1966 observationibus

441 1991 837 2089 historico-chronologicis
854 1991 1042 2073 vertitur‚in
1056 2013 1118 2088 qua
1126 1991 1249 2061 materia
1256 1985 1449 2062 doetiffimos
1456 1990 1526 2060 illos
1534 1991 1701 2064 thuscum

432 2086 530 2160 >bono
549 2093 696 2162 Homero
718 2085 874 2185 saepiffme
894 2087 1079 2171 dormitare,
1104 2111 1218 2171 nemo,
1244 2088 1300 2182 qui
1318 2086 1443 2157 illorum
1467 2088 1591 2184 cognita
1607 2085 1703 2160 habet

440 2182 574 2283 scripta,¹
594 2189 735 2284 ignotam
751 2181 862 2282 potest
892 2177 994 2254 ¹Certe
1010 2181 1236 2256 Alexandrinus
1251 2180 1304 2253 ille
1318 2178 1492 2279 Episcopus
1506 2207 1547 2254 eo
1562 2182 1630 2281 ipso
1647 2185 1700 2256 lo-

437 2307 498 2370 co,
524 2309 621 2382 quern
637 2279 791 2356 diversam
813 2277 975 2352 sentientes
991 2303 1049 2375 pro
1072 2275 1122 2350 sua
1139 2281 1292 2375 opinione
1314 2278 1487 2367 adducunt,
1514 2283 1703 2376 drrrtpaet'ae

439 2383 612 2454 committit
632 2381 736 2454 vitia?
765 2379 855 2451 Nam
866 2384 901 2448 dc
919 2377 1041 2446 Saulem
1058 2378 1294 2465 Beniaminitam
1309 2375 1342 2446 in
1357 2374 1475 2448 tribtun
1492 2377 1581 2472 Judae
1595 2379 1700 2450 collo-

440 2497 509 2561 cat,
535 2483 569 2548 δι
585 2475 723 2570 Herodis
734 2469 864 2546 matrem
880 2471 1018 2569 Judacam
1035 2469 1122 2544 fuisse
1138 2472 1255 2560 asserit,
1295 2496 1342 2544 uae
1351 2493 1452 2546 tamen
1462 2471 1702 2562 salsrffimaeffe,

439 2597 480 2644 ea
504 2570 629 2644 historia
643 2575 752 2660 Sacra,
777 2578 811 2642 δι
826 2565 955 2666 profana
967 2566 1042 2640 scite
1058 2589 1187 2665 poterat.
1228 2499 1295 2642 Sed
1305 2571 1375 2666 quis
1389 2590 1452 2642 tam
1469 2569 1605 2642 delicatis
1621 2597 1705 2643 ocu-

439 2670 499 2753 lis,
525 2671 609 2738 utin
626 2663 872 2763 splendidissimis
887 2684 1045 2736 tantorum
1058 2667 1198 2738 virorum
1218 2661 1336 2761 scriptis
1361 2667 1507 2760 innorrios
1522 2663 1704 2756 hujusmodi

440 2765 579 2836 naevulos
601 2777 699 2861 aequo‘
715 2787 782 2834 non
799 2761 893 2858 poss'rt
910 2763 1023 2834 intueri
1039 2765 1155 2835 animo.
1206 2765 1289 2853 Quis
1309 2787 1386 2834 vero
1402 2785 1466 2834 tam
1483 2762 1705 2857 Aristarchus,

440 2885 478 2932 ut
498 2857 683 2932 sortilsunos
704 2857 822 2930 Christi
841 2857 983 2944 adtletae,
1009 2859 1095 2956 quod
1111 2883 1178 2929 non
1196 2859 1230 2930 in
1246 2861 1334 2930 omni
1348 2881 1505 2932 artnaturae
1519 2886 1632 2960 genere
1647 2887 1706 2958 pa-

439 2962 514 3034 riter
528 2958 744 3042 excelluerint,
768 2955 938 3051 culpandos
952 2951 1011 3026 elle
1028 2951 1167 3026 censeat?
1193 2960 1265 3028 Imo
1280 2979 1354 3028 vero
1371 2955 1396 3028 fi
1412 2959 1705 3047 interiusattendas,

441 3055 670 3152 deprehendes,
695 3049 859 3151 plerosque
873 3059 1020 3138 Paetum,
1044 3047 1100 3122 sub
1139 3053 1517 3151 uommelypcopugnare
1527 3051 1708 3128 dissernim-

439 3172 486 3223 tes
508 3153 668 3237 videntur,
695 3147 898 3248 quaestionem
914 3146 992 3220 hone
1005 3148 1043 3220 de
1058 3075 1249 3220 tondatione
1266 3147 1376 3244 sceptri
1392 3151 1514 3247 Judaici
1527 3175 1565 3222 ex
1605 3147 1708 3224 rofes·

436 3247 494 3332 so,
519 3249 606 3358 quod
623 3247 753 3336 dicitur,
777 3271 938 3344 uunquam
956 3241 1107 3330 trad-‘lasset
1131 3241 1182 3316 sed
1196 3245 1271 3317 illud
1285 3242 1376 3341 egisse
1386 3249 1494 3334 unice,
1519 3269 1556 3318 ut
1570 3177 1705 3320 dhtisto

436 3341 597 3428 exhibito,
625 3343 776 3415 abolitum
793 3345 849 3414 elle
864 3340 1018 3437 sceptrum
1031 3341 1214 3508 IJudaicum,
1239 3341 1352 3438 Judaeit
1367 3340 1581 3433 ostenderent,
1606 3369 1708 3442 quam

440 3438 642 3540 quaestionem
657 3439 696 3510 ab
710 3439 766 3510 hac
778 3437 881 3510 nostra
895 3460 966 3509 toto
980 3464 1063 3510 coeo
1079 3436 1203 3528 dillare,
1228 3463 1324 3512 nemo
1337 3465 1403 3510 non
1418 3443 1573 3539 intelligit.
1604 3443 1709 3512 Alio-

441 3540 517 3638 qui,
543 3557 578 3607 ut
601 3557 683 3606 extra
701 3534 832 3608 dubium
855 3532 918 3621 est,
943 3534 1132 3608 acutissrmos
1154 3537 1224 3608 illos
1239 3539 1343 3623 vitos,
1368 3535 1391 3607 si
1411 3538 1537 3611 illorum
1553 3536 1709 3612 decisioni

441 3631 573 3732 quaestio
588 3631 652 3704 haee
669 3628 804 3721 subjedla
817 3625 937 3715 fuisset,
962 3630 1053 3706 facilc
1065 3632 1102 3704 ad
1116 3657 1217 3705 arcem
1232 3635 1364 3706 veritatis
1375 3630 1463 3706 sulse
1477 3655 1706 3732 penetratums.

443 3738 493 3800 lta
508 3731 643 3802 nimium
656 3754 751 3826 quam
769 3728 893 3800 incivile
911 3726 972 3816 est,
997 3755 1048 3814 ea,
1059 3755 1128 3828 quae
1141 3731 1223 3802 aliud
1239 3728 1400 3829 agentibus
1414 3733 1519 3804 minus
1532 3728 1711 3804 considera-

444 3847 475 3894 te
493 3826 687 3915 exciderunt,
713 3851 772 3923 pro
786 3825 954 3898 decretoria
971 3824 1110 3922 ipsorum
1125 3827 1281 3904 venditare
1298 3827 1378 3908 velle
1392 3824 1640 4000 sententia.Delli

583 3967 586 3974 ι
1640 3949 1712 4024 que
