3636 4732
256 207 1159 325 'Murcuumuuououcumu
1299 243 1378 348 619

120 369 245 449 ursulo
267 373 301 446 in
316 370 374 446 suo
388 370 628 471 Euphonuione
646 368 787 468 scripsisse
797 395 869 471 pag.
882 397 937 469 30.
953 380 987 444 δι
1002 371 1241 472 depravatissimo
1255 395 1382 472 tempo-

120 494 151 542 ra
167 469 269 544 nostru
281 469 358 562 juste
373 465 549 570 flagellabit:
574 473 760 567 Quocunque
775 475 855 540 inter
870 469 922 539 boe
938 472 1041 540 velato
1054 477 1148 541 etiarn
1162 473 1380 574 capiteprcdu·

121 573 214 654 cerie,
232 571 351 666 fincere
371 571 596 640 vaticinatione
613 567 715 655 tinet,
739 591 798 636 nott
817 567 897 664 quod
921 565 1109 638 Citbaredus
1129 592 1297 667 cauponam
1313 574 1381 662 effe,

113 664 168 758 sed
180 668 327 754 leuem,
347 668 542 765 prodigium,
558 667 674 758 scelus,
695 662 878 760 perfidiam,
902 667 1002 759 nefus.
1034 671 1201 765 Majorutn
1213 673 1317 738 uirtus
1332 674 1384 739 ni·

121 759 169 832 leil
183 767 268 834 ultra
284 769 405 851 timuit,
430 787 523 860 quent
544 764 705 833 nuceium
727 781 847 834 ruern:
867 763 1015 863 presentis
1035 784 1137 834 autern
1149 770 1208 833 eui
1222 770 1393 863 impietas,-

1 887 2 950 3
124 861 180 954 ttifi
191 863 310 958 prorfits
322 860 467 959 defipuit,
491 859 574 932 nibil
589 861 723 954 ampliter
736 859 855 944 horret,
880 884 973 955 quant
986 858 1103 931 biatutn
1118 859 1385 958 dedignantitter-

1 1019 2 1048 q
123 978 160 1024 ra
168 957 575 1058 ficienerisintprobitessm.
612 955 760 1026 Ouinium
776 961 1062 1043 etatuntcrintina,
1086 964 1223 1028 emnium
1236 965 1384 1029 itnntani-

124 1069 174 1122 tas
182 1056 326 1146 Jielerunt
342 1061 375 1124 in
390 1055 448 1126 bec
462 1075 597 1152 ternpore
611 1055 770 1150 confluxit.
795 1058 967 1148 Nunquam
980 1058 1099 1150 cffufior
1114 1055 1228 1140 libide,
1253 1055 1385 1125 ambitus

1 1163 2 1182 ¹
125 1155 296 1242 sumetur,
322 1155 522 1247 nunquatnse
538 1151 666 1244 denique
679 1153 774 1218 letius
788 1150 891 1245 qinein
904 1151 1108 1222 maledicendi
1121 1154 1256 1221 licentia.
1307 1157 1388 1222 Non

125 1246 284 1340 inpudem
301 1252 479 1344 Majttnta,
504 1272 564 1316 non
582 1271 678 1330 arena
692 1245 840 1334 crudelis,
865 1250 924 1336 nist
936 1246 994 1316 beo
1017 1245 1163 1334 tenebris,
1189 1250 1249 1318 illa
1269 1257 1389 1320 nomine

1 1349 2 1380 ³
123 1341 311 1436 diffitentem
324 1347 453 1435 cessauit.
479 1342 550 1414 Ubi
566 1343 667 1417 videte
681 1345 755 1414 licet
768 1368 872 1415 aurem
886 1346 1068 1416 correctoris
1084 1347 1229 1419 Bonnam
1244 1343 1296 1415 seu
1310 1346 1388 1419 adeo

1 1515 2 1542 q
126 1440 321 1527 Bituricam,
348 1445 535 1531 Maiumam
554 1441 781 1526 consentiret,
807 1465 864 1512 nec
886 1441 1088 1608 inffilgffnet,
1115 1445 1314 1512 Calumniator
1329 1465 1388 1537 pto

1 1605 2 1636 q
128 1557 180 1620 eu,
205 1560 328 1610 cervam
340 1561 400 1633 pro
416 1540 535 1634 virgine
550 1534 756 1631 supposuisse,
782 1541 834 1607 cui
850 1561 917 1633 quo
993 1563 1015 1607 o
1031 1535 1122 1608 verbo
1137 1541 1247 1609 ultinu
1262 1535 1390 1634 respon-

1 1641 2 1670 *
127 1629 234 1718 deant,
260 1633 322 1728 ipsa
335 1634 454 1706 viderit
482 1635 558 1704 Hoc
572 1637 657 1704 enint
670 1631 824 1704 indicabat
840 1631 936 1704 nostri
948 1635 1006 1707 aevi
1022 1634 1215 1706 Heliodorus
1230 1635 1392 1717 Gallicus,

126 1729 175 1802 vel
190 1731 296 1827 potius
312 1731 478 1814 Lucillius,
503 1730 650 1802 necdum
667 1731 858 1822 Maiumum,
882 1753 940 1802 nec
956 1731 1134 1826 gladiatoria
1148 1729 1314 1828 spet‘iacula
1329 1728 1394 1802 ces-

130 1819 218 1912 urse,
245 1824 303 1898 nist
340 1827 403 1900 uod
419 1825 482 1897 haec
499 1825 537 1894 ad
554 1828 719 1896 noiiurnas
734 1823 891 1910 tenebras,
917 1824 973 1895 ubi
987 1828 1162 1922 grallatores
1176 1825 1319 1898 homines
1336 1853 1394 1898 oc«

130 1921 285 2008 uiderent,
311 1852 361 1993 illa
378 1921 481 1994 filtcm
496 1925 624 1995 nomitte
639 1923 796 2018 antiquata
809 1921 947 1996 videatur
958 1921 1130 2020 exspitalle,
1156 1949 1230 1996 cum
1237 1922 1332 2022 reipsa
1340 1925 1394 1996 ucl-

1 2030 2 2084 t
130 2016 191 2090 huc
204 2020 323 2118 ubique
335 2019 561 2116 triumpharet..

180 2115 360 2206 Vin-Nec
375 2118 459 2188 enim
477 2144 493 2187 a
516 2118 557 2189 ud
573 2120 665 2212 Syros
679 2115 778 2192 modo
792 2123 825 2188 &
842 2116 1005 2191 Graeculos
1017 2137 1100 2189 tantu
1109 2115 1247 2191 socordia
1256 2126 1288 2189 &
1298 2119 1395 2190 licen-

132 2213 192 2298 tia‚
219 2212 268 2285 sed
293 2220 327 2284 &
354 2213 436 2308 apud
451 2141 534 2309 ipsios
540 2217 704 2286 Romanos
719 2216 811 2284 etiam
826 2218 1018 2312 antiquiores
1031 2219 1152 2312 viguit,
1178 2242 1216 2286 ex
1233 2241 1300 2314 quo
1317 2237 1398 2286 tem-

133 2333 210 2405 pore
233 2313 282 2382 M.
306 2309 431 2395 Varro,
456 2318 490 2382 bc
516 2311 586 2382 inde
611 2313 649 2380 L.
666 2311 781 2407 Junius
797 2312 887 2384 Mod.
906 2311 1083 2382 Columella
1099 2309 1215 2408 praefat.
1241 2315 1279 2384 de
1295 2315 1336 2382 R.
1356 2313 1397 2381 R.

139 2407 304 2506 conquesti
318 2403 403 2494 sunt3
431 2407 525 2504 Quod
541 2425 753 2504 otnneepetres
761 2409 988 2501 faniliafabce
1002 2423 1050 2480 (θ’
1062 2411 1290 2480 natroteliilis
1298 2414 1401 2495 ,intret

136 2529 256 2578 mutuno
268 2506 513 2603 correpserimus‚
539 2519 587 2577 Φ·
603 2509 638 2574 in
654 2509 748 2574 circis
763 2510 864 2603 potius
880 2505 1078 2591 authentis,
1103 2533 1196 2603 quent
1212 2513 1244 2576 in
1257 2503 1401 2603 segetibus

140 2615 188 2672 (ν
202 2608 318 2673 uinetis
332 2627 441 2672 manue
461 2625 653 2684 moueantut3
677 2607 859 2698 attonitique
873 2607 1018 2675 mircenur
1027 2602 1128 2700 gestus
1144 2605 1400 2701 effeminatorum,

138 2697 219 2793 quod
230 2725 252 2769 a
266 2718 379 2770 natura
388 2697 496 2790 sescum
512 2704 595 2768 vitiu
607 2699 788 2796 denegatum
801 2698 942 2770 muliebri
956 2721 1037 2772 neotu
1055 2707 1260 2787 mentiantur,
1285 2702 1403 2800 decipi-

138 2815 251 2892 antque
272 2799 372 2868 oculos
388 2795 600 2892 spiritunon.
651 2803 737 2868 Mox
749 2795 877 2883 deinde,
902 2817 935 2866 ut
951 2804 1018 2894 apti
1031 2803 1191 2868 veniemus
1207 2801 1250 2866 aei
1264 2824 1401 2894 ganeas,

138 2891 350 2989 quotidianam
363 2891 548 2965 cruditatem
556 2897 718 2965 Laconicis
725 2917 943 2989 recoquamus,
955 2911 1002 2964 θ’
1011 2893 1122 2984 exsufflo
1123 2896 1231 2987 studere
1232 2897 1319 2989 fitim
1327 2923 1404 2988 qua-

140 3013 263 3077 rarnus,
289 2990 438 3087 utilesque
462 2989 642 3062 libidinibus
657 3006 704 3063 (γ’
721 2987 933 3078 ebrietatibus,
958 2989 1025 3062 dies
1038 2991 1110 3059 ludo
1124 2993 1286 3083 velsoenno
1301 2995 1404 3084 consu·

140 3111 279 3174 ntatnut3
303 3113 342 3160 ac
357 3088 544 3184 nosmetipfiss
560 3085 707 3158 sinantur
715 3088 910 3182 fortunatos,
928 3089 957 3181 fi
974 3111 1028 3159 nec
1041 3093 1185 3158 orienteen
1200 3089 1300 3156 Solem
1314 3088 1404 3158 uide-

142 3189 259 3271 rienur,
283 3210 337 3256 nec
353 3185 545 3258 occidentem.
597 3192 669 3281 Qu
684 3186 816 3282 imagine
830 3181 907 3254 nibil
924 3181 969 3253 est
983 3186 1129 3271 Majumae
1145 3181 1292 3268 similius,
1317 3210 1353 3255 ae
1368 3211 1407 3256 ne

135 3305 243 3362 ‚ovum
265 3283 393 3380 quidem
410 3308 501 3370 ovo,
533 3284 604 3356 licet
619 3306 735 3354 nomen
752 3283 918 3369 Maium,
944 3303 1012 3350 tum
1029 3277 1127 3350 adhuc
1142 3285 1338 3379 incognitum
1354 3281 1407 3354 fo-

143 3401 192 3450 ret
206 3377 394 3476 Quiritibus.
421 3387 504 3467 Quae
517 3379 624 3477 postea
637 3403 705 3476 quo
728 3403 767 3448 ue
784 3375 961 3471 tempestate
976 3371 1136 3473 sequiore,
1161 3381 1229 3450 imo
1245 3377 1409 3455 novissima

144 3471 265 3573 semper
280 3477 407 3575 quidem
425 3471 487 3552 vila
504 3483 537 3548 δι
553 3477 672 3560 audita,
699 3406 748 3546 ped
765 3499 830 3545 non
845 3472 906 3545 isto
921 3470 1135 3568 nornine-fuir.

196 3578 291 3647 Vlll.
318 3575 406 3646 Nam
414 3600 472 3671 pto
480 3576 639 3664 Maioma,
663 3567 990 3667 tesestovelutihydrae
998 3570 1116 3668 cupite,
1133 3570 1297 3644 alialtotim
1309 3579 1411 3672 Nym-

142 3669 226 3772 pbta
244 3669 352 3768 pnffim
368 3673 574 3770 pullularunt,
598 3669 725 3774 edificia
741 3671 902 3766 genialia,
920 3667 1010 3762 feliis
1024 3671 1233 3764 conviviisque
1250 3692 1343 3766 apta,
1371 3684 1408 3752 ὠ·

150 3773 235 3840 omni
247 3793 356 3865 genere
376 3770 568 3846 nattaaiiutn
583 3767 783 3851 delitiarum,
807 3763 983 3854 arboribus,
999 3772 1159 3864 gramine,
1177 3767 1336 3859 fontibus,
1361 3771 1410 3838 la·

136 3871 259 3957 *vactis
264 3862 419 3988 frigidis,
442 3873 552 3940 avium
567 3885 709 3940 concentu
728 3881 775 3940 (7
790 3890 856 4033 qut1
865 3867 932 4036 qliiq
945 3863 989 4012 qd
1003 3873 1164 3940 innocuum
1177 3865 1416 4030 uoluptatem&
