3636 4732
321 253 1175 352 Marca.nr1s,ar1t0ncarns.
1318 262 1398 367 61'5

145 435 149 444 ·
224 409 285 477 rii's
294 402 409 502 figuris
422 402 622 498 diffimulam.
674 400 785 494 Quare
799 396 887 470 brevi
903 398 1198 488 οἰνακεφαλιιύσιι,
1223 402 1400 498 quesarm

224 517 291 590 ejus
302 506 425 600 proprie
434 505 473 585 fir
491 516 538 571 (γ’
545 499 669 594 fuerit,
693 499 849 598 qualesque
856 497 952 590 sucus
969 513 1017 570 θ’
1031 497 1111 594 quod
1125 503 1216 569 virus
1230 502 1400 569 exteriusei

127 658 130 667 .
225 600 395 691 aeecefferit,
415 596 536 690 finitur.

131 799 156 866 l.
181 791 471 961 Claudendijam
483 791 606 864 mndem
621 789 787 864 veniebant
802 794 876 880 n'vi,
900 791 970 862 imo
986 789 1214 878 vtrollumina,
1239 795 1400 892 juxtaque

270 892 481 988 &inquibus
497 889 648 974 Veneris,
673 891 763 988 aquis
778 889 935 974 oriundae,
962 888 1027 961 ludi
1042 885 1144 960 lascivi
1157 889 1399 975 exhibebantur,

1 1047 2 1079 3
131 987 259 1087 quaudo
274 996 307 1060 dt
324 1011 411 1058 aures
427 993 460 1058 δι
475 1009 560 1083 prata
576 982 760 1082 superquam
775 982 843 1057 satis
859 983 1020 1072 bibissent,
1045 989 1175 1058 animm
1192 1009 1294 1060 earnm
1301 985 1404 1058 adhuc

131 1113 190 1158 nos
206 1083 382 1170 inhibebat,
408 1108 476 1250 epto
492 1085 597 1154 minus
613 1080 698 1152 srecis
700 1081 922 1250 pedibusillud
931 1081 1140 1154 transiremus:
1167 1084 1405 1154 nimirumdum

133 1183 205 1254 finis
220 1179 288 1254 fieri
304 1188 366 1272 jam
382 1181 419 1252 de
443 1203 527 1269 eret,
552 1179 604 1249 hie
621 1175 685 1276 ipse

724 1182 773 1250 nis
786 1179 878 1272 hujus
895 1178 1046 1252 Diattibae
1064 1179 1186 1252 anobis
1202 1179 1326 1277 exposci
1341 1197 1404 1280 po·-
1478 1189 1483 1198 “

131 1301 225 1365 terat,
253 1278 341 1378 quod
356 1281 389 1348 in
406 1280 497 1349 omni
517 1279 638 1348 afflone
654 1276 758 1373 quoad
773 1280 980 1348 intentionem
1004 1279 1140 1373 primum
1157 1275 1214 1348 elle
1232 1277 1407 1350 consuevit.

131 1378 288 1468 Quamvis
304 1397 409 1447 autem
427 1373 529 1446 [latim
550 1376 583 1445 in
604 1375 758 1445 Procattio
777 1370 861 1463 (seu,
886 1396 922 1444 ut
940 1375 1037 1473 vulgo
1054 1397 1186 1460 vocant,
1212 1373 1405 1462 Proeestrio)

1 1441 2 1496 l
132 1474 342 1558 innuerimus,
368 1497 438 1570 quae
452 1469 547 1544 causae
561 1495 620 1543 nos
635 1471 672 1543 ad
689 1469 764 1542 illud
777 1470 990 1543 emoliendum
1006 1474 1206 1568 impulerint,
1224 1475 1355 1544 materia
1363 1468 1407 1542 sc.

132 1570 242 1667 palsun
256 1573 403 1669 ignorate
425 1571 549 1654 raritas,
574 1593 644 1667 quae
665 1568 782 1639 excussa
804 1591 906 1640 tamen
929 1569 1070 1663 plurimis
1086 1567 1203 1665 scriptis
1218 1578 1249 1640 ἃ
1267 1569 1355 1639 sacris
1369 1574 1406 1640 de

1 1703 2 1731 l
134 1665 275 1766 profanis
297 1668 399 1740 lucem
418 1664 490 1737 esset
505 1663 710 1738 foeneratura:
734 1687 867 1737 attamen
883 1663 933 1738 hic
947 1665 1040 1736 nobis
1054 1667 1165 1765 aliquis
1179 1663 1406 1762 superstitiosu-

1 1827 2 1840 ,
131 1764 336 1839 lustenebras
353 1766 451 1863 magis
467 1765 654 1860 exoptandas
668 1765 809 1834 occinere
823 1761 939 1860 pollet,
963 1761 1132 1863 gratiasque
1147 1765 1408 1858 potiusDeonos

1 1941 2 1946 ,
134 1862 263 1949 debere,
289 1863 378 1961 quod
391 1871 424 1933 dc
447 1885 494 1931 res
513 1867 547 1931 δι
565 1883 683 1930 nomen
696 1863 808 1955 pariter
823 1863 972 1951 Majumae
985 1863 1110 1958 penitus
1124 1867 1185 1952 jam
1201 1861 1260 1933 fint
1276 1862 1408 1934 exoleta.

132 1964 197 2032 Cui
208 1985 378 2054 utrumque
386 1959 533 2056 pollicem
543 1981 769 2054 premeremus,
794 1955 838 2042 fi,
878 1957 945 2029 uod
957 1955 1012 2029 ille
1021 1955 1186 2060 supponit,
1213 1956 1406 2031 reveraseita

133 2057 276 2146 habetet,
299 2065 333 2129 δι
349 2082 415 2129 non
429 2053 546 2138 adhuc,
570 2058 619 2126 vel
635 2055 740 2150 paucis
753 2075 836 2126 retro
852 1984 960 2126 seculis
974 2056 1081 2128 eadem
1095 2055 1326 2154 penesabula&
1337 2054 1409 2154 spe·

1 2149 2 2204 1
133 2158 250 2227 &anila
267 2155 387 2228 astitata
402 2150 534 2226 suilient.
585 2159 734 2242 Quorum
750 2149 923 2224 soedimtem
939 2160 973 2224 lle
989 2150 1162 2225 subsecutas
1180 2155 1409 2225 maledistionis

1 2285 2 2288 ¹
133 2254 244 2324 divinae
260 2277 386 2349 peenas,
412 2251 487 2322 dum
503 2251 552 2320 vel
569 2252 602 2320 in
622 2249 678 2321 laac
696 2247 861 2320 Coronide
877 2245 1095 2341 subjiciemus,
1121 2271 1208 2322 tanto
1220 2255 1404 2420 mapsam&

133 2353 209 2422 alios
220 2349 260 2421 ab
274 2350 381 2422 iisdem
397 2345 626 2434 abllerrebunt,
638 2355 674 2420 ἃ
691 2371 750 2420 nos
764 2345 846 2459 ipsos
860 2370 1008 2447 quoque,
1017 2345 1106 2448 quod
1115 2349 1245 2420 miaime
1260 2354 1267 2365 ’
1293 2352 1317 2419 is
1325 2371 1405 2448 gau-

78 2473 83 2480 ·
133 2449 275 2532 deamus',
288 2443 487 2520 excusabunt.

182 2552 225 2616 ll.
251 2547 389 2618 Nullum
408 2545 493 2614 enim
515 2540 607 2613 nobis
624 2541 669 2616 est
685 2541 816 2616 dubium
830 2594 840 2630 ,
866 2545 1052 2642 Majumaem
1068 2541 1285 2614 Mahomerum
1294 2543 1362 2642 pepi
1370 2543 1408 2636 fe

1 2687 2 2740 7
135 2645 273 2734 traxisse,
299 2645 355 2741 qui
374 2665 450 2712 curn
467 2640 584 2715 videret
600 2639 785 2724 Orientem,
800 2638 1000 2712 &Graeciam
1013 2638 1406 2741 praeserdm,nimisquam

136 2737 347 2836 uoluptatibus
361 2739 585 2834 mancipatam,
610 2739 703 2810 talem
718 2740 791 2812 inde
806 2736 862 2809 libi
875 2737 1024 2812 sonnavit
1037 2740 1237 2840 religionem,
1249 2742 1409 2838 talemque

132 2859 278 3008 siis
293 2835 1023 3027 'l'ltilllllltlllailllili
1039 2837 1410 3006 lllllllll‘llll

137 3059 214 3104 ram
222 2957 532 3130 postmdldtiochiam
557 3029 698 3112 Gazam,
725 3037 759 3101 δι
776 3030 950 3116 Maiumam
965 2959 1228 3129 fibi'susjugavin
1243 3029 1407 3104 cumsem·

142 3155 198 3226 per
219 3129 319 3202 adhuc
341 3127 448 3202 iisdem
464 3127 530 3200 ludi
547 3128 679 3222 impuri,
705 3134 739 3198 δι
762 3121 897 3198 feminea
911 3130 1037 3222 potius,
1062 3151 1156 3224 quam
1173 3128 1302 3199 nrascula
1317 3155 1408 3201 exer-

138 3230 210 3302 citia
223 3224 389 3298 solenniter
406 3225 639 3296 celebrarentur.
675 3231 788 3298 Parum
804 3225 890 3294 enim
908 3221 1009 3309 abest,
1036 3227 1114 3321 quin
1128 3221 1209 3296 haud
1224 3226 1314 3320 plane
1330 3227 1408 3300 Ma-

139 3331 231 3412 juma
243 3323 395 3395 absnniles
407 3323 536 3394 ludicras
553 3345 671 3418 pugnas
687 3319 868 3394 Antiochia
882 3345 898 3389 a
914 3317 1243 3392 Manuelesiomneno
1257 3320 1414 3396 institutae

138 3422 261 3494 credam
272 3423 292 3507 ,J
306 3445 384 3522 quas
401 3423 530 3490 Nicetas
548 3420 752 3490 Acominatus
770 3419 885 3487 annale
899 3423 932 3487 δι
950 3439 980 3486 n.
994 3443 1026 3514 3.
1047 3413 1215 3512 descripsit,
1241 3423 1414 3497 cumdiclo

139 3523 322 3621 Imperatori
340 3516 692 3612 Constantinopolitano
714 3513 908 3587 Antiocheni
927 3511 1118 3612 pomposum
1138 3514 1302 3614 ingressum
1318 3521 1413 3592 ador·

141 3637 268 3688 nantese
294 3615 358 3689 'raia
380 3643 413 3685 re
439 3613 553 3706 morae
574 3613 624 3703 aad
652 3614 797 3702 α’μΦόθυς
820 3617 956 3686 im'rtanr
980 3616 1029 3703 ’Ul
1045 3613 1157 3692 τάπησι
1172 3615 1342 3705 ὄιεκέσμουν
1358 3615 1409 3712 Ul

141 3717 259 3800 δένδρων
276 3714 448 3810 νεοδςέπἹοις
461 3719 553 3782 κλωσὶ
569 3706 770 3805 tumarisco,
795 3707 855 3781 adt
869 3717 930 3779 ede
944 3709 1093 3800 nerpar'rur
1108 3739 1158 3800 Ul
1168 3712 1412 3802 didiorlloserletc

144 3820 171 3883 le
188 3807 224 3880 ad
239 3810 295 3882 aleo
312 3819 397 3899 μέσον
415 3807 751 3899 Διακηπειίωῖεςεαιιε
769 3805 838 3904 ipsae
855 3829 991 3879 recmtts
1004 3805 1323 3882 arborumsrondes&
1335 3813 1414 3886 Ma-

137 3915 206 4004 jun
221 3912 255 3981 δι
271 3911 448 4004 Maiumam
464 3907 624 3996 redolent,
645 3905 812 4004 presertim
828 3907 1143 3980 tumnullaaliauoce
1153 3904 1331 4006 interposita
1338 3909 1416 3981 sub·

1313 4005 1416 4098 demo
