3624 4736
478 222 985 306 ΒευιοΑτια
1085 193 1088 198 ’
1325 225 1409 332 ,ῃ

143 375 207 474 set,
226 373 364 478 penitius
380 369 579 457 consideravi.
623 364 815 460 Eus'simavi
835 385 884 432 sne
899 385 964 432 rem
978 355 1157 450 Chn‘ssiana
1167 363 1410 458 pletatcnsnin-

149 475 297 574 dignam,
323 477 398 542 meis
418 467 543 554 sudiis,
567 491 628 563 qua
643 464 758 533 diuina
775 463 904 530 veritati
919 454 1117 555 cognoscenda
1131 482 1169 526 ac
1188 457 1302 530 tuenda
1325 471 1410 531 unicc

147 573 340 663 consecravi,
364 593 423 639 non
439 573 701 662 incongruentem,
725 555 869 654 bonisque
881 555 1030 648 uniuerso
1049 554 1124 624 hauc
1142 561 1316 650 ingratam,
1337 582 1411 653 pra.

141 669 308 762 siturum,
329 669 355 766 s
374 669 457 735 alona
474 662 646 758 uetustaque
658 659 806 740 veritati,
833 672 941 723 temere
956 650 1008 721 bic
1033 655 1230 747 impugnata,
1242 674 1300 752 pro
1316 656 1412 724 virili

144 767 369 862 sucurram,
380 776 429 834 (θ’
442 761 523 831 banc
544 756 791 856 qualemqualem
815 755 878 849 ejus
894 749 1093 844 defeufioncm
1109 747 1253 818 candidis
1276 756 1413 820 omnium

148 864 342 935 cordatorum
355 885 393 930 ac
413 861 592 948 φιλαληθῶν
603 852 739 952 judiciis
746 846 933 942 subjicerem.
983 847 1172 940 Quanquam
1185 851 1269 915 cnim
1282 871 1412 942 egomea

149 960 232 1033 mibi
244 959 467 1030 mediocritatis
475 957 553 1048 satis
569 953 722 1046 conscius,
749 945 788 1015 ab
805 947 880 1015 aliis
889 944 1039 1038 felicius,
1065 965 1158 1038 quam
1181 968 1203 1012 a
1226 967 1300 1026 sne,
1330 941 1415 1014 banc

148 1062 280 1128 verdeti
289 1079 410 1156 speram
424 1059 542 1124 navari
543 1051 665 1154 potusse
675 1100 686 1134 ,
696 1069 755 1116 non
773 1049 923 1138 ignorent
943 1063 1045 1109 meum
1061 1057 1164 1108 tamen
1178 1045 1307 1133 antiqua
1321 1043 1417 1128 isbo-

148 1157 253 1238 dollou
270 1178 404 1226 amorem
419 1177 458 1222 ac
472 1154 699 1231 reverentiam,
731 1164 794 1237 qua
819 1141 936 1210 nemini
943 1136 1013 1228 stom
1027 1135 1195 1231 secundus,
1214 1141 1248 1205 in
1266 1141 1413 1233 optimam

146 1270 275 1352 partem
299 1270 454 1346 acceptum
477 1253 521 1318 iri
546 1249 647 1316 nullus
674 1237 788 1310 dubito.
847 1232 1069 1328 Sereniffimum
1083 1235 1159 1328 sanc
1181 1257 1220 1303 ac
1243 1233 1416 1328 Potentissi-

152 1373 238 1422 mum
261 1351 429 1419 REGEM
463 1342 629 1428 nosrum,
672 1342 857 1409 Dominum·
871 1355 972 1403 mcum
1004 1328 1296 1426 Clementsffimum,
1330 1335 1416 1431 cujus

146 1445 403 1543 Augusiffimum
418 1465 525 1512 nomen
544 1441 684 1535 Largius
693 1435 806 1531 scripto
818 1431 888 1523 sico,
912 1447 1011 1497 cetera
1023 1425 1141 1496 erudito
1157 1431 1279 1496 omnino
1290 1441 1336 1501 (or
1350 1450 1412 1529 po-

148 1545 225 1630 lito,
245 1540 397 1639 prufioeit,
421 1563 522 1610 oneum
540 1536 595 1606 boc
607 1557 663 1635 pro
680 1528 857 1600 veneranda
871 1521 1146 1617 ueritatesludium
1160 1521 1416 1624 nonimprcbatu-

149 1664 222 1710 rum
235 1642 311 1737 essc,
336 1635 462 1734 confido.
513 1633 646 1705 Dudum
659 1634 741 1700 cnim
757 1626 814 1720 est,
846 1622 927 1720 quod
949 1620 1134 1717 Majcsatis
1157 1622 1248 1718 ipfius
1272 1625 1415 1696 Horoica

150 1741 189 1807 in
204 1739 481 1838 DEUMpietas,
506 1746 554 1803 tr*
570 1709 818 1825 conslaniiffimus
827 1745 884 1822 pro
894 1721 997 1817 prisca
1021 1721 1154 1786 ueritate
1174 1740 1214 1785 ac
1235 1715 1417 1789 orthodoxia
1491 1769 1496 1776 -

148 1835 260 1918 aetus,
283 1839 340 1904 toti
354 1829 433 1902 Orbi
446 1834 513 1900 uoti
534 1853 632 1913 smus,
658 1845 775 1894 omnem
797 1816 877 1890 mibi
899 1814 939 1887 de
961 1839 994 1886 eo
1018 1810 1240 1884 dubitationem
1257 1820 1412 1886 euomuit.

149 1935 188 2001 Si
204 1934 321 2028 Langii
344 1932 465 2027 elegans
482 1941 530 2000 Θ*
548 1949 618 1998 acre
633 1924 805 2019 ingenium,
829 1918 1013 2008 uariamque
1029 1912 1120 2010 ipsus
1134 1907 1354 2000 eruditionem,
1378 1917 1415 1983 in

149 2026 207 2115 iss
213 2025 410 2128 scriptssatis
419 2027 622 2123 conspicuam,
639 2022 735 2115 Regia
736 2015 795 2110 fisa
801 2014 912 2110 gratia
924 2033 985 2079 non
991 2006 1174 2104 dedignatus
1185 2007 1243 2097 es:
1260 2014 1416 2081 novitates

151 2143 256 2196 tamen
266 2124 336 2220 istas
343 2176 354 2211 ,
356 2109 978 2217 sacrismonumentis,&unioersourtcri
981 2109 1146 2203 pariterac
1154 2103 1301 2178 hodierna
1311 2107 1416 2178 Eccle-

105 2304 109 2312 .
146 2218 543 2320 fiasdoersas,pientiffimo
559 2220 668 2287 Patria
676 2203 1136 2307 Patrinonplacuise,satissssm
1164 2202 1302 2292 essisset.
1313 2206 1418 2274 Tuam

151 2317 478 2418 quoqurperillusrcm
486 2306 839 2412 Magnificentiambuic
848 2328 911 2372 meo
924 2223 1185 2400 proveritotebsc
1220 2296 1418 2392 solaborisa·

152 2424 295 2487 ventiam
310 2415 383 2486 baut
385 2418 549 2515 grauuim
558 2405 817 2480 commodaturum
825 2401 971 2497 escspero
997 2394 1174 2466 Firmabac
1200 2393 1418 2486 duciasretus,

152 2514 334 2616 ampliffirno
342 2514 459 2582 nomini
467 2532 517 2580 tuo
526 2511 761 2606 qualemcunque
770 2491 1023 2570 banoDiatrsben
1032 2489 1253 2584 inscriberensn
1261 2489 1418 2563 dubitavi.

154 2581 1419 2707 Qamconstanteaoimmobiliaffelluantiquamvrritatemcomplcosus,quantass

153 2731 215 2803 que
215 2708 377 2798 severitate
393 2713 406 2775 i
455 2702 560 2775 robam
574 2707 659 2770 circu
667 2699 757 2790 sacra
773 2688 915 2762 novandi
928 2687 1128 2782 cupiditatem
1141 2685 1300 2780 dcseslatus
1316 2685 1418 2757 balle-

153 2827 214 2874 nus
214 2806 336 2899 suerit,
348 2727 500 2894 carissima
509 2805 617 2900 patria
629 2795 728 2884 nossa
734 2790 854 2888 pridem
861 2779 1234 2884 exploratisimumbabet.
1261 2789 1419 2854 Summum

153 2924 195 2971 ao
204 2925 281 2997 pene
294 2900 439 2971 divinum
449 2899 567 2996 judicii
577 2902 622 2965 tui
632 2898 667 2962 in
674 2887 976 2978 ueritatcasalfitate
982 2876 1178 2974 difierneuda
1187 2903 1311 2948 acumen
1320 2883 1420 2950 nemi·
1500 2917 1504 2924 ·

154 3021 226 3069 nens
247 3023 348 3070 eorum
356 2998 457 3094 sugit,
480 2995 585 3092 quibus
599 2993 652 3061 uel
667 2987 817 3083 leuissima
833 2978 982 3078 pteuttdt
997 2981 1132 3046 nominis
1147 2980 1194 3043 tui
1218 2976 1305 3056 sarna
1329 2979 1421 3044 inno-

154 3099 226 3166 tuit.
276 3097 378 3165 Tuum
392 3093 521 3194 proinde
535 3098 611 3175 erit,
637 3090 789 3158 Maxime
805 3085 923 3161 Hsrss,
945 3097 1000 3174 pro
1014 3067 1216 3163 inasimsibili
1232 3091 1287 3138 tua
1297 3071 1422 3167 sapien-

154 3198 206 3263 tia
212 3193 362 3288 slatuerc,
387 3217 460 3260 stum
474 3217 511 3261 ea
526 3191 724 3269 dexteritate,
749 3178 966 3277 quaoporlulls
992 3164 1323 3259 Wllmm‘dll‘nfi‘
1334 3168 1423 3260 'fal‘

150 3293 287 3386 fitasque
300 3291 460 3383 confutata
468 3290 534 3382 fiet.
585 3280 679 3381 Quod
690 3279 786 3371 solius
800 3274 948 3342 ueritatis
962 3289 1065 3334 amors
1078 3267 1166 3335 unicc
1182 3262 1287 3333 cluibus
1289 3265 1421 3356 fuerim,
1506 3319 1512 3332 .

156 3394 241 3482 quod
258 3383 418 3474 φιλονικίᾳ
436 3405 489 3454 aut
505 3387 603 3454 livori
618 3379 700 3452 nibil
714 3375 771 3444 bac
787 3377 820 3440 in
830 3384 922 3463 parte
934 3361 1129 3453 indulserim,
1154 3366 1241 3430 nouis
1258 3361 1335 3452 ille,
1368 3364 1424 3456 qui

157 3489 295 3554 omnium
310 3487 489 3553 mortalium
500 3481 672 3576 penetralia
690 3477 833 3543 intuetur.
866 3467 901 3533 Si
917 3485 976 3531 uon
984 3461 1064 3556 satis
1071 3458 1212 3552 feliciter
1230 3455 1307 3526 illud
1315 3509 1326 3542 ,
1343 3455 1424 3553 quod

157 3605 255 3650 ttnum
265 3579 400 3673 sladiose
414 3581 553 3676 questui,
578 3577 719 3666 asecutus
731 3563 908 3664 fim,sinon
922 3559 1001 3652 satis
1024 3553 1166 3627 idoneum
1183 3574 1239 3649 per
1256 3558 1360 3622 omnia
1375 3575 1425 3622 ma

159 3679 249 3749 alma
263 3682 395 3749 veritati
410 3677 598 3747 aduocatum
606 3667 798 3775 prebuerim:
825 3681 884 3730 non
896 3654 1013 3751 prorsus
1030 3673 1132 3722 tamen
1149 3649 1335 3743 indefensam
1355 3672 1425 3718 eam

160 3775 314 3870 mansisse,
340 3799 394 3844 nec
414 3772 497 3843 nibil
511 3777 632 3842 omnino
648 3772 726 3838 lucis
742 3784 781 3832 ac
797 3759 967 3852 securitatis
983 3757 1013 3821 ei
1026 3749 1085 3820 bac
1099 3772 1167 3820 mea
1181 3747 1278 3846 opella
1293 3747 1424 3815 aluum

160 3871 213 3960 rsa
226 3869 369 3944 arbitror.
427 3873 559 3969 lnfignis
575 3871 626 3940 illc
639 3885 725 3952 tuus,
751 3863 883 3929 Patrone
899 3855 1046 3938 Summe,
1080 3861 1128 3920 (γ’
1142 3844 1289 3947 prolixus
1312 3845 1428 3938 sauir,

831 3949 950 4046 ΕΗ
1366 3963 1429 4036 quo
1551 3987 1555 3997 .
