3624 4736
401 240 490 326 244
583 205 1519 324 Joirnu.WAuoiin1urD1ATitrnu

401 349 505 428 stianae
521 351 643 446 pietatis
662 345 864 422 Antistitibus
878 346 979 424 dicam
996 342 1124 430 scribat,
1149 349 1175 416 is
1191 361 1251 416 nec
1266 345 1352 418 alteri
1368 343 1406 416 de
1420 342 1497 430 suis,
1523 369 1599 443 quas
1610 345 1664 420 fo·

402 472 475 538 vet,
501 446 692 518 novitatibus
708 443 802 516 libere
818 445 966 532 judicanti
977 437 1148 512 succensere
1162 449 1229 532 jure
1243 439 1355 543 potest.
1388 443 1487 532 Qtod
1503 445 1587 514 enim
1599 445 1664 542 ipse

404 543 463 616 sibi
480 547 514 614 in
526 560 635 616 'tanms
653 544 735 617 vitos
751 543 840 612 licere
858 538 1018 612 arbitratus
1034 537 1101 625 cst,
1126 539 1157 610 id
1173 541 1239 610 aliis
1257 561 1386 635 quoque
1403 540 1437 608 in
1450 537 1479 610 se
1495 540 1586 610 licere
1602 567 1665 637 pii·

353 717 357 725 ,
403 639 492 714 tabit.
543 640 605 736 Ipsi
627 664 707 710 certe
730 641 765 708 in
780 663 830 708 me
848 637 931 708 idem
945 635 1069 720 licebit,
1095 635 1193 708 modo
1207 660 1241 706 ea
1257 655 1361 706 utatur
1376 633 1540 720 modestia,
1567 657 1662 734 quam

404 764 422 810 a
438 763 489 808 mc
507 740 686 832 experietur.
721 737 793 805 Sine
809 736 1006 804 cunstationc
1022 736 1119 831 igitur
1133 734 1228 820 illud,
1254 732 1341 829 quod
1357 735 1481 802 trashtre
1499 732 1663 823 constitui,

402 836 575 932 aggredior.
614 836 693 904 Eam
710 854 813 902 autem
829 833 984 928 praecipue
1000 828 1224 927 questionem,
1248 854 1318 928 quae
1334 828 1372 900 dc
1389 826 1464 899 feria
1480 831 1660 904 Dominieae

401 929 549 1026 pashonis
570 927 631 1015 est,
657 931 796 1025 pleniore
819 929 1069 1023 accuratioreque
1093 925 1334 1000 consideratione
1357 924 1481 1022 dignam
1503 925 1656 1000 existimo.

367 1026 369 1030 ’
402 1028 497 1098 Circa
511 1028 590 1100 hanc
607 1031 692 1099 enini
707 1032 740 1096 δι
758 1021 917 1120 operosius
931 1048 966 1094 ac
981 1022 1207 1109 confidentius,
1233 1047 1330 1121 quarn
1346 1025 1425 1092 eirca
1442 1023 1536 1095 ullam
1549 1027 1655 1112 aliam,

400 1121 536 1198 versatur
550 1127 704 1220 Langius,
731 1128 765 1192 dc
783 1145 845 1192 tam
860 1124 1022 1214 Scriptura
1036 1125 1253 1218 Sacrae,quam
1267 1115 1413 1192 universae
1428 1118 1667 1192 Ecclesium--

400 1220 538 1310 tradicit,
565 1220 652 1318 quod
673 1219 795 1315 liquido
810 1216 1017 1288 ostendemus.
1068 1219 1155 1305 Quid
1177 1216 1265 1313 quod
1282 1215 1347 1288 haec
1363 1219 1456 1286 etiam
1469 1217 1565 1289 veluti
1582 1217 1657 1290 basis

398 1315 444 1388 est
460 1321 556 1388 totius
571 1316 777 1399 tradiationis,
803 1340 897 1412 quam
913 1313 951 1389 de
967 1317 1130 1409 Tempore
1144 1312 1291 1410 passionis
1306 1309 1423 1384 Christi
1439 1335 1524 1407 parte
1533 1313 1605 1386 libri
1611 1313 1658 1386 se-

398 1414 494 1484 cundi
516 1416 606 1485 altera
622 1413 741 1510 prolixe
757 1408 899 1484 instituit.
948 1413 1037 1482 Huic
1053 1413 1139 1482 enim
1154 1405 1334 1506 hypothesi,
1358 1409 1445 1506 quod
1461 1409 1526 1482 dies
1543 1411 1659 1507 pallio-

395 1511 448 1580 nis
463 1507 558 1581 fucrit
574 1507 649 1578 seria
664 1510 797 1606 quinta,
822 1529 887 1578 tota
905 1504 959 1577 ista
976 1529 1045 1578 tum
1060 1511 1150 1580 Anni
1166 1504 1313 1602 passionis
1328 1508 1471 1598 catapli,
1498 1527 1565 1578 tum
1583 1515 1657 1580 An·

396 1629 513 1678 norum
531 1603 692 1676 ministerii
709 1602 842 1688 Christi,
868 1629 902 1674 ac
917 1605 1058 1700 quinque
1076 1601 1258 1674 Paschatum
1277 1603 1431 1692 ejusdem,
1458 1601 1584 1698 operosa
1600 1606 1655 1676 de·

396 1699 598 1788 monstratio,
624 1723 770 1799 tanquam
786 1699 942 1770 immobili
958 1695 1181 1784 fundamento,
1207 1703 1359 1770 imiititur.
1385 1703 1462 1770 Hoc
1470 1722 1574 1772 autern
1582 1699 1657 1773 sun-

392 1797 542 1870 damento
554 1797 700 1870 concusso
714 1823 749 1866 ac
763 1793 886 1881 everso,
904 1821 1000 1867 omne
1009 1796 1060 1883 id,
1070 1798 1157 1892 quod
1172 1795 1412 1891 superstrudium
1428 1794 1472 1866 est
1480 1843 1490 1881 ‚
1513 1799 1597 1868 mole
1603 1796 1656 1870 sua

391 1891 887 1980 niet,nisialiundesuffulciatur.
913 1893 1071 1990 Equidem
1080 1919 1167 1962 meus
1176 1896 1209 1966 in
1218 1895 1375 1991 Ltiigium
1384 1897 1531 1968 amorvix
1539 1895 1571 1967 id
1580 1893 1654 1969 effa-

392 1993 483 2062 time
491 1994 661 2087 permittit,
678 1990 765 2088 quod
775 1985 882 2060 sentio.
910 1989 990 2061 Illud
999 2012 1101 2061 tamen
1111 2010 1207 2062 tacere
1215 2015 1281 2062 nori
1290 1989 1594 2089 possum,quantum
1602 1997 1653 2065 in-

390 2087 572 2161 credibilem
580 2087 673 2186 ipsius
683 2085 904 2159 confidentiam
913 2083 1074 2158 detestatus
1081 2083 1423 2173 sim,dumfalsamhcnc
1431 2088 1469 2160 de
1476 2085 1552 2160 seria
1560 2093 1654 2188 quiri·

391 2205 422 2267 ta
436 2181 581 2282 passionis
595 2187 781 2283 opinionem
797 2211 864 2256 non
881 2189 1138 2278 προβλημωτικῶς
1152 2205 1328 2280 proponat,
1347 2205 1495 2282 tanquam
1510 2211 1575 2258 rem
1584 2215 1651 2260 non

388 2281 481 2378 plane
495 2309 513 2353 a
527 2308 603 2358 vero
617 2280 852 2366 abhorrentem,
864 2281 902 2354 de
919 2307 981 2380 qua
998 2283 1124 2352 ulterius
1140 2283 1342 2378 cogitandum
1359 2278 1431 2352 ellet
1445 2282 1590 2366 eruditis,
1600 2281 1650 2358 scd

388 2397 538 2475 tanquam
547 2381 662 2476 dogma
676 2382 1007 2450 dnodtiteiidrverum
1021 2403 1057 2448 ac
1071 2373 1274 2474 irrefragabile
1285 2376 1427 2466 ,cuismc
1436 2381 1560 2474 piaculo
1570 2405 1650 2452 con·

388 2477 497 2546 traditi
504 2471 759 2572 nequeat,nobis
774 2472 940 2546 obtrudere
955 2472 1124 2568 praesumat.
1150 2477 1228 2545 Sane
1244 2473 1345 2548 sicam
1354 2527 1364 2561 ‚
1373 2495 1410 2545 ut
1426 2473 1585 2571 problema
1593 2481 1649 2550 ali-

385 2573 476 2665 quod
494 2572 674 2666 probabile,
700 2571 800 2642 doctis
816 2569 1041 2660 dijudicandam
1059 2567 1267 2658 exhibuisset,
1300 2575 1424 2645 veniam
1451 2567 1540 2644 facile
1567 2577 1648 2670 apud

387 2662 493 2736 bonos
508 2666 662 2738 meruisset
678 2693 686 2736 t
706 2673 775 2759 jam
792 2691 890 2752 vero,
915 2690 988 2736 curn
1005 2663 1067 2737 hoc
1084 2667 1200 2764 dogma
1214 2690 1251 2738 ut
1266 2670 1357 2764 plane
1374 2672 1647 2741 drarrsmtraitu-

386 2783 490 2850 eamr,
516 2764 612 2860 idque
626 2759 683 2832 sub
695 2787 729 2832 ea
747 2759 917 2834 necessitate
935 2761 1083 2834 omnibus
1104 2765 1271 2838 tenendum
1284 2765 1564 2864 proclamet,quasi
1577 2793 1645 2839 non

383 2859 668 3028 dissidiis?
680 2856 1439 3054 qqnqpqpppspaappqpfisaqcpppg
1454 2866 1646 3033 blslls

644 3009 654 3042 θ
1026 3007 1037 3041 2
1254 3031 1257 3038 .

382 3052 596 3140 intimabulis,
621 3055 709 3126 annis
725 3054 857 3149 amplius
871 3055 955 3126 mille
968 2984 1132 3135 seuceistis,
1157 3050 1267 3126 seriam
1282 3052 1394 3126 sextarii
1412 3054 1474 3128 fine
1484 3055 1646 3130 haesitatio·

378 3173 420 3222 nc
437 3147 573 3220 Passioni
588 3151 767 3221 Dominicae
782 3147 987 3251 assignarunt,
1011 3153 1148 3220 enomiis
1163 3154 1274 3222 erroris
1291 3177 1325 3222 ac
1339 3153 1445 3224 delicti
1460 3178 1530 3224 reos
1557 3179 1644 3250 pera-

380 3265 452 3340 gat,
479 3248 645 3339 quomodo
663 3245 796 3318 excusari
811 3268 931 3343 queat,
966 3271 1033 3316 non
1055 3246 1157 3318 video.
1214 3249 1298 3330 Ecce
1325 3251 1411 3318 enim
1434 3248 1526 3324 verba
1549 3249 1643 3344 ipsius

372 3343 515 3436 langii,
541 3341 655 3438 quibus
672 3343 749 3413 hanc
766 3340 959 3414 assertionem
975 3342 1183 3414 commendat.
1208 3345 1299 3416 Dicit
1314 3343 1369 3415 lib.
1380 3367 1445 3438 ap.
1457 3366 1529 3439 375.
1554 3347 1642 3444 quod

371 3435 558 3530 ‘infallibilis
570 3461 609 3508 ac
626 3444 851 3520 maiestate&
861 3438 1005 3534 paffiorris
1020 3439 1244 3538 tharasserfir,
1269 3439 1348 3539 quad
1363 3440 1482 3512 incidat
1505 3449 1540 3512 in
1555 3445 1642 3536 feri·

377 3539 586 3632 araquirram
594 3536 662 3626 five
677 3534 759 3604 diem
777 3533 901 3626 Jovis,
923 3561 984 3604 non
992 3537 1112 3627 feriam
1129 3537 1276 3630 sextam,
1309 3540 1357 3628 [eu
1379 3539 1463 3612 diem
1487 3546 1642 3627 Veneris,

312 3710 315 3722 ,
362 3630 597 3715 steniharenus
610 3652 770 3732 perperam
783 3631 931 3700 creditum
941 3635 1017 3725 fuir.
1045 3641 1122 3732 Pag.
1133 3659 1211 3708 212.
1225 3641 1310 3734 Qis
1323 3643 1482 3734 Scriptura
1490 3639 1523 3729 se
1551 3660 1642 3736 eppe·

376 3747 477 3816 neree,
502 3747 556 3800 aut
573 3727 749 3824 certr'ffirrias
766 3731 837 3798 illas
858 3727 1123 3823 demonstrationes
1143 3739 1298 3831 rejiceret,
1323 3760 1384 3830 qua
1407 3759 1448 3804 err
1468 3734 1643 3830 manifestis

376 3829 536 3923 deripiunt
544 3826 645 3902 verbu
651 3844 819 3925 petuntur:
845 3843 880 3898 at
888 3829 962 3922 jam
978 3851 995 3902 r
1009 3829 1472 3929 Scriptrrisdemonstravimus,
1485 3831 1640 3943 Chrrstrrr

1604 3950 1640 3997 m
