3658 4728
408 239 1187 331 Hrsnorrr·co-'l⁷rrnotoo1cr.
1352 249 1430 361 365

171 386 353 472 idmittent,
379 381 438 456 nist
452 381 674 458 uncumillud
694 383 835 456 Danielis
852 382 890 454 de
903 387 1004 456 Lxx.
1020 382 1280 462 hebdomadibus.
1331 395 1382 462 At
1398 419 1438 466 an

169 481 279 556 solum·
295 483 357 555 hoc
373 483 433 553 tale
447 479 509 567 eh,
535 479 557 550 sr
575 481 697 552 nullutn
715 479 798 552 aliud
812 486 1041 578 conjungatur,
1067 505 1105 553 nr·
1119 507 1159 553 ne
1177 487 1292 556 mutire
1308 488 1440 586 quidem

171 603 281 653 contra
296 579 373 652 illud
387 579 509 674 Apella
526 577 676 650 audeant?
702 578 738 648 ld
755 576 884 676 quidem
901 577 1094 652 confidenter
1110 577 1209 650 asseris
1220 603 1253 680 p.
1264 607 1343 680 244.
1363 585 1441 659 dum

170 679 234 750 ais:
259 697 364 751 carm
378 674 501 774 quidem
517 680 626 746 omnia
634 679 695 767 (V.
707 677 754 746 T.
767 672 957 764 testimonia)
971 682 1072 747 trariis
1080 676 1325 770 modueladere,
1352 683 1440 767 &aad

168 775 259 871 sitm
272 773 440 870 Meffiaem,
463 797 552 870 quern
570 771 673 844 adbuc
686 772 875 872 exspeslant,
897 774 1056 873 applicet
1066 777 1195 871 pofflrntt
1220 775 1276 846 loc
1291 787 1443 852 νενική-

175 873 436 962 emmarricus)
453 870 657 985 testimoniam
671 893 705 938 or
719 872 788 966 ipfis
801 867 953 983 ruiturae,
967 889 999 939 ru
1012 873 1108 969 plane
1121 875 1318 966 canticefiraent
1333 877 1442 950 wol-

175 967 558 1151 lh‘lf'hffilll
569 989 681 1136 sil
689 968 829 1149 ene:
854 967 955 1163 illis
966 969 1442 1166 llhslr‘hllllssl:

180 1181 225 1234 tra
241 1161 470 1234 conscientiam.
521 1162 582 1234 Sed
598 1186 638 1232 ne
651 1161 718 1232 hilo
731 1159 913 1258 proficiunt.
963 1164 1069 1233 Semet
1085 1164 1191 1259 potius
1205 1165 1334 1254 ludunt,
1363 1193 1443 1265 ope-

180 1284 308 1430 i‘irhu‘
331 1259 465 1428 isis
485 1257 691 1428 llll}
708 1279 862 1454 Ἢ
880 1258 1444 1434 llllll‘lh‘llllslllll

177 1477 216 1526 ac
240 1382 383 1528 mersare
408 1473 525 1539 tentas,
549 1383 584 1524 di
600 1381 800 1552 gsadlsimam
817 1380 1080 1550 Jstdaeisgonperam
1091 1479 1192 1528 navas.
1218 1455 1276 1528 Sed
1293 1481 1351 1531 nec
1367 1459 1446 1532 illud

181 1548 301 1624 roelelti
316 1552 436 1625 veritati
450 1553 618 1622 minimum
632 1547 762 1621 officiet.
801 1547 947 1620 Manebit
963 1551 1013 1620 illa
1027 1548 1115 1622 firma
1132 1575 1168 1622 ac
1183 1554 1382 1642 inconcussa,
1408 1563 1445 1630 dc

181 1645 340 1722 assertores
364 1647 437 1720 suos
457 1644 633 1734 obtinebit,
659 1649 716 1746 qui
738 1667 847 1716 contra
861 1642 989 1744 quosvis
1004 1645 1190 1719 incursantes
1207 1657 1242 1720 dc
1260 1674 1445 1740 novatores,
1532 1661 1536 1666 '

186 1748 386 1852 quantumvis
408 1747 585 1842 ringentes,
610 1767 679 1815 eam
702 1741 879 1818 defendent.
929 1742 1022 1814 Num
1039 1769 1133 1831 vero,
1182 1743 1263 1818 uaso
1280 1767 1312 1818 te
1325 1753 1446 1848 Langi,
1494 1789 1497 1796 »

185 1844 342 1914 minusin
357 1843 498 1914 Danielis
512 1838 694 1939 prophetia,
720 1865 816 1938 quarn
830 1841 897 1911 aliis
910 1843 1081 1956 paticiniis,
1107 1773 1447 1919 eludendadesudanrrrt

184 1936 1131 2132 iiiiiiiiuihmiaffliimahisiiiiff
1141 1936 1447 2114 llam

189 2133 272 2206 Non
286 2153 376 2232 puto.
421 2140 477 2206 An
499 2129 615 2218 nescis,
641 2130 758 2232 quibus
776 2157 867 2204 cortu
904 2133 958 2202 elis
972 2133 1016 2202 R.
1032 2130 1220 2204 Sdrelomoh
1236 2135 1340 2232 Jarchi
1354 2143 1388 2209 δι
1404 2139 1448 2210 Κ.

187 2231 270 2305 Levi
293 2235 359 2304 Ben
373 2229 502 2303 Gersorr
520 2229 598 2302 hanc
612 2227 807 2326 prophetiam
899 2253 966 2300 tare
983 2229 1183 2315 tentaverint,
1208 2255 1284 2324 quas
1301 2235 1347 2304 D.
1365 2235 1451 2304 Hel-

189 2329 278 2403 vicus
293 2327 401 2401 noster·
414 2329 534 2426 pridem
552 2327 690 2398 retudit?
714 2332 772 2399 An
788 2330 927 2422 ignoras,
954 2349 1050 2422 quam
1064 2346 1208 2423 proterve
1223 2329 1351 2400 eandem
1367 2327 1449 2402 insa-

187 2449 249 2498 nus
269 2426 322 2496 ille
344 2425 512 2498 Christiani
535 2427 673 2496 nominis
695 2421 885 2523 antagonisia
898 2424 1094 2535 R3Lipman
1112 2425 1146 2494 in
1161 2422 1218 2494 suo
1235 2424 1448 2506 Nirirchonm

180 2545 270 2692 „iil
279 2529 467 2706 diiii?
482 2517 1453 2718 lllrllilllh‘lidilpllhhlhlffl’elz

190 2715 258 2787 teli
274 2714 375 2788 solum
392 2715 455 2788 hoc
466 2717 609 2788 Danielis
624 2717 785 2786 oraculum
800 2710 1037 2786 contumacibus
1052 2710 1250 2785 nostr-iseculi
1259 2717 1383 2812 Apellis
1391 2743 1453 2816 op:

184 2837 309 2909 ponas,
333 2839 421 2912 aeque
438 2816 615 2898 invenient,
641 2837 711 2910 quar
727 2835 834 2883 contra
849 2810 924 2884 illud
940 2812 1112 2906 excipiant,
1137 2811 1453 2902 acliJacobaeumva·

188 2913 336 2982 titinium
358 2935 481 3010 urgeas,
507 2933 687 3009 quanquam
708 2907 877 3006 utrobique
901 2905 1011 2979 frivola
1026 2931 1061 2978 ac
1080 2909 1191 2979 fartilia.
1216 2911 1336 3006 Neque
1351 2917 1452 3009 magis

189 3003 262 3093 hic,
288 3033 383 3108 quam
398 3011 485 3090 alias,
500 3003 838 3098 sparamese-sollicite
854 3001 1064 3102 quarentibus
1080 3005 1219 3077 deerunt.
1246 3007 1365 3100 Melius
1373 3031 1452 3105 pro-

187 3103 264 3176 inde
288 3104 347 3176 tibi
370 3102 577 3190 consulueris,
602 3100 714 3175 sristos
724 3103 864 3174 vannus
881 3097 983 3170 hostes
997 3099 1191 3196 aggressurus
1206 3100 1252 3172 de
1262 3101 1368 3198 gladio
1383 3131 1451 3182 ιιοιι

106 3282 109 3290 Ι
186 3223 259 3271 uno
273 3201 332 3273 tibi
349 3200 549 3316 prospexeris.
574 3208 655 3293 Quo
670 3198 810 3297 pluribus
825 3198 893 3268 telis
906 3217 1040 3268 umatus
1053 3193 1225 3281 accesseris,
1250 3221 1290 3267 eo
1306 3204 1405 3298 magis
1419 3225 1451 3276 re

189 3291 421 3370 formidabilem
436 3293 556 3371 fecerim
583 3299 710 3368 Certior
727 3299 786 3366 erit
800 3296 947 3377 vidioria,
973 3291 1074 3363 srnon
1091 3315 1158 3362 uno
1172 3315 1358 3391 argumento
1368 3304 1451 3374 veri.

190 3411 235 3465 tat
253 3392 453 3483 defendatur,
479 3401 512 3466 &
529 3391 639 3466 salsrtas
654 3396 866 3489 impugnetur.
891 3390 944 3459 Ut
961 3389 1017 3458 uni
1032 3385 1121 3458 suum
1136 3387 1234 3460 robur
1241 3391 1380 3482 constet,
1405 3399 1453 3469 al·

189 3507 292 3564 tetum
310 3494 445 3566 enervari
460 3515 526 3563 non
540 3489 642 3562 debet.
691 3491 724 3560 Si
740 3511 838 3558 unum
855 3487 952 3557 altero
964 3483 1160 3571 validiussrt,
1186 3509 1334 3560 neutrum
1347 3512 1451 3566 tamen

186 3589 391 3678 rejiciendum
407 3609 462 3659 aut
474 3588 703 3682 explodendum
714 3585 786 3656 erit,
817 3581 1049 3679 Coniungenda
1065 3585 1171 3678 potius
1184 3580 1274 3674 sunt,
1299 3593 1448 3683 quanvirn

188 3685 342 3780 probandi
358 3711 425 3758 non
440 3683 603 3756 obscuram
617 3681 748 3766 habent,
772 3677 955 3766 utfaclius,
980 3681 1234 3779 quirepugnant,
1259 3683 1452 3757 convincan-

185 3802 249 3853 tur.
298 3787 347 3855 Sit
360 3784 501 3856 Danielis
516 3783 678 3854 oraculum
692 3776 917 3876 irrefragabile,
942 3799 980 3848 ut
994 3802 1012 3846 e
1027 3781 1177 3873 temporis
1197 3778 1317 3849 ratione
1331 3781 1453 3856 Meffiae

186 3879 355 3960 aduentam
368 3874 761 3958 solidissime-demonsiret.
786 3879 913 3952 Maneat
920 3896 1031 4043 {amen
1045 3881 1079 3946 dc
1094 3871 1244 3972 Jacobaae
1254 3875 1450 4048 praedicsiioni

187 4029 194 4040 ·
958 3995 1017 4067 23
1372 3999 1464 4049 uum
