3628 4724
320 243 690 340 Marcium,
722 243 1168 329 erRoucnrns.
1310 267 1392 352 557

181 367 265 460 Nou
281 391 365 459 enim
380 383 548 493 spedicula
564 387 616 460 hic
630 383 896 457 conficiendamm
912 382 1016 455 saitem
1035 381 1168 457 ferarum
1186 379 1273 455 fuiss'e
1289 385 1404 476 eredas,

1 461 2 538 i
136 483 188 558 sed
215 493 248 556 δι
273 494 364 557 nauta
387 490 446 555 Iua·
460 485 569 584 gaudia
587 485 758 556 natantium
776 482 889 553 sciIitct
905 483 999 551 mixta
1021 483 1078 554 IIIis
1093 480 1285 579 conspicatur
1299 487 1335 554 ad
1355 490 1407 552 A-

136 586 239 663 uam,
264 605 357 680 atque
382 582 459 652 adeo
486 577 580 678 ipsam
606 573 808 668 dreiuepdio'm
835 585 1009 664 Ventrem3
1035 607 1130 678 quam
1147 583 1179 651 in
1197 584 1271 649 mari
1290 581 1404 650 nudam

137 677 316 776 fingebant,
342 679 429 776 quoti
444 681 548 750 omnis
562 678 660 767 libido
675 685 776 749 rerum
792 679 925 774 patiatur
941 673 1106 775 naufragia.
1158 675 1257 748 Unde
1274 681 1308 749 te
1325 683 1404 750 tora

129 775 263 874 'phyrius
281 778 314 846 in
332 783 435 874 Epe'gr.
453 777 544 848 dixit:
644 773 655 784 ”

286 872 423 960 Nudus,
450 897 556 970 egens,
582 877 708 947 Verrem
725 873 894 969 naufragus
909 875 943 940 in
955 873 1074 972 pelago.

135 968 660 1070 Fulgentiuslii.2.Mythol.c.4
1010 987 1012 991 ’

286 1071 378 1138 Nam
391 1093 462 1164 quos
477 1066 561 1136 nuda
577 1076 678 1164 rapit,
688 1066 797 1136 ‘nudos
814 1069 940 1136 amittet
955 1084 1075 1164 oportet.

136 1164 233 1234 Sicuti
247 1164 409 1259 Epiiietus
428 1164 505 1235 hanc
519 1167 671 1236 rationem
688 1163 832 1236 reddidit:

287 1260 392 1330 Nuda
410 1267 510 1332 Venus
524 1287 618 1357 quare
635 1271 672 1344 (ᾗ
689 1263 943 1364 nudi‘pingentur
957 1260 1115 1331 Amores?

190 1361 288 1429 VIII.
315 1363 429 1449 Quum
454 1382 528 1430 vero
549 1360 637 1427 nuile
680 1383 733 1426 ene
753 1355 858 1428 forent
879 1361 1050 1426 cerimonia
1065 1377 1121 1426 aret
1133 1357 1302 1456 (peiiacuia
1313 1365 1407 1460 penio

141 1459 336 1550 antiquiora,
361 1452 465 1551 querius
488 1479 547 1524 nen
569 1383 761 1526 adhileretur
782 1457 925 1548 saltatio,
952 1473 1052 1548 utpote
1074 1460 1159 1550 cujus
1183 1462 1263 1525 ratio
1279 1467 1407 1530 minime

1 1551 2 1554 ’
142 1556 285 1647 vulgaris
300 1554 362 1642 effer
375 1547 546 1640 veteribus,
570 1573 698 1641 notante
715 1577 846 1648 quoque
860 1575 897 1620 ex
912 1549 1052 1645 pluribus
1067 1550 1097 1647 J.
1107 1550 1257 1624 Rosrnol.
1269 1583 1297 1626 v.
1308 1579 1336 1630 c.
1354 1581 1407 1630 ιο.
1508 1546 1512 1554 ’

143 1651 298 1746 precipue
309 1673 383 1720 vero
393 1649 609 1746 Ciceronipro
621 1653 801 1720 L.Murena
805 1651 932 1740 fialtario
941 1646 1310 1737 umbralexuriedicitur3
1320 1650 1408 1750 quod
1474 1681 1478 1690 ·

1 1831 3 1844 p
141 1745 232 1820 sreuti
247 1743 358 1816 umbra
375 1744 421 1817 ibi
436 1771 502 1818 non
519 1744 574 1830 stt,
601 1744 657 1816 ubi
675 1771 740 1815 non
758 1743 795 1814 srt
810 1767 942 1840 corpus:
968 1745 1009 1814 ita
1023 1768 1079 1815 net
1094 1741 1211 1816 saltatio
1228 1751 1406 1842 reperiatur,

143 1842 200 1917 triti
226 1840 281 1912 ubi
302 1841 339 1913 srt
355 1843 483 1913 luxuria.
534 1841 570 1913 Id
587 1843 674 1939 quod
691 1843 740 1913 vel
755 1843 888 1911 maxime
903 1843 937 1910 in
949 1839 1061 1912 talibus
1078 1867 1208 1940 quoque
1223 1843 1303 1914 ludis
1319 1843 1407 1916 obti-

1 1957 2 1987 I
21 1965 26 1974 ·
143 1943 232 2026 nuit,
258 1937 314 2012 ubi
329 1965 396 2010 non
411 1939 510 2010 modo
525 1940 558 2010 in
576 1963 688 2034 campo
702 1940 859 2008 maritimo
875 1938 923 2009 vel
941 1939 973 2008 in
992 1937 1092 2009 Insula
1108 1961 1200 2036 atque
1217 1941 1299 2010 Aeta
1315 1940 1408 2012 Cho-

1 2083 2 2138 I
144 2063 202 2108 reae
219 2061 349 2134 quoque
365 2037 564 2121 ducerentur,
589 2033 639 2106 sed
656 2043 690 2107 δι
706 2037 739 2106 in
753 2033 824 2129 ipsis
839 2037 925 2130 aquis
938 2037 1014 2105 varii
1028 2035 1092 2105 ludi
1102 2035 1140 2104 ab
1150 2033 1213 2106 istis
1221 2035 1406 2131 piscinarum

146 2133 335 2206 Tritonibus
353 2142 404 2224 (ut
422 2159 493 2204 cunr
510 2134 615 2203 Cicer.
633 2131 686 2202 tii.
698 2156 729 2200 2.
740 2131 837 2230 Epist.
853 2132 896 2199 ed
911 2135 1017 2200 Attio.
1029 2155 1062 2232 p.
1073 2133 1125 2202 28.
1138 2133 1407 2230 'loquamur)edt-

145 2231 274 2315 bantur,
301 2255 374 2302 cum
390 2231 513 2327 Thetys
529 2233 609 2300 inter
622 2227 773 2300 Nereidas
789 2225 894 2298 restim
911 2227 1066 2314 duditant,
1092 2225 1180 2297 sicuti
1196 2253 1326 2326 quoque
1343 2232 1409 2300 Cass

144 2331 240 2399 tullus
254 2325 341 2418 haiae
356 2325 431 2398 satit
446 2326 559 2418 choros
573 2326 730 2398 ducentes'⁰
1405 2337 1408 2345 ’

191 2432 249 2496 ΙΧ.
276 2431 349 2514 Qua
363 2425 401 2496 de
417 2449 449 2495 re
465 2425 614 2498 Martialis
631 2430 738 2523 Epigr.
746 2447 841 2497 xxiv.
857 2421 896 2493 de
914 2418 1406 2522 natatoribusinspcuaculorum

1 2553 2 2576 ¹
145 2523 227 2596 libro
242 2522 400 2618 quuitur:

292 2623 378 2709 Lerfit
391 2618 565 2690 Nereidum
577 2619 687 2691 docilis
701 2621 808 2692 chorus
821 2645 932 2723 equore
948 2635 1028 2704 tuto,

338 2723 380 2787 Et
393 2723 483 2787 vario
490 2719 606 2810 facilis
621 2718 725 2789 ordine
734 2726 841 2818 pinxit
854 2743 972 2816 aquam

288 2815 420 2907 festine
434 2815 522 2886 dente
535 2823 663 2902 minax,
687 2839 767 2886 nexu
773 2818 860 2909 faeie
873 2817 1007 2886 erchem
1023 2837 1136 2895 cervo3

340 2912 533 2983 Credidimus
546 2939 680 2999 remum,
705 2913 940 3008 credidimusqree
954 2931 1063 2983 ratem.

288 3014 332 3080 Et
338 3029 467 3108 gratum
480 3015 583 3078 nautis
595 3010 677 3104 fidus
688 3011 811 3106 sulm
826 3012 985 3080 Laconum

343 3111 482 3204 Letapee
490 3109 642 3205 perspicuo
655 3110 729 3177 veie
745 3103 942 3198 rumerefinee.

289 3208 373 3302 Qis
387 3224 490 3275 tantas
503 3204 634 3299 liquidis
650 3225 732 3272 artes
749 3207 869 3272 inuenit
883 3207 918 3270 in
932 3201 1026 3272 endis

255 3347 259 3354 ·
341 3305 413 3372 Aut
424 3300 533 3372 ’docuit
548 3301 626 3393 iefies
637 3301 690 3370 hes
703 3299 824 3383 Thetis,
850 3317 904 3368 aret
919 3296 1044 3368 didicit.

144 3399 201 3472 Ad
219 3423 288 3498 quae
304 3400 345 3493 ita
363 3417 590 3468 commentatus
605 3395 650 3467 est
668 3396 782 3468 Matth.
801 3395 941 3466 Raderus
952 3417 1022 3490 pag.
1033 3399 1090 3463 61.
1116 3395 1194 3464 Non
1203 3395 1272 3492 fuit
1285 3399 1410 3498 difficile

144 3501 308 3578 Romanis,
333 3495 438 3565 indere
458 3501 572 3590 quavis
593 3493 772 3590 rationeseeb
787 3491 878 3565 undis
895 3503 941 3562 (7-
951 3492 1039 3589 super
1053 3489 1170 3563 undas:
1197 3518 1266 3565 cum
1277 3500 1311 3566 in
1318 3499 1406 3570 thea-

144 3613 191 3664 tro
215 3597 335 3664 nullam
360 3616 420 3663 non
437 3590 584 3684 fabulam
601 3596 821 3661 Pantomimir
871 3592 1006 3685 esentere
1014 3595 1169 3688 potuerint
1177 3593 1343 3682 saltatione
1359 3611 1408 3670 Ψ

137 3692 229 3788 gestu.
256 3695 391 3786 Legatur
406 3686 644 3786 elegantiffimus
660 3690 791 3759 Luciani
806 3689 828 3758 li
869 3713 885 3758 r
902 3690 968 3782 regi
982 3689 1144 3778 ᾰρχῆσεως,
1160 3686 1216 3758 ubi
1227 3693 1282 3776 ἔξω
1296 3698 1410 3772 virtue

141 3787 372 3886 propemodum
388 3787 529 3883 quadam
542 3779 706 3855 saltationis
721 3786 889 3881 spediteula
904 3809 1071 3858 narrantur.
1256 3813 1261 3820 ·

190 3890 232 3961 X.
257 3886 302 3958 Et
316 3885 387 3958 Dio
403 3905 533 3982 quoque
549 3883 582 3954 in
599 3884 682 3954 Tito
698 3883 807 3956 auetor
824 3879 885 3954 est:
903 3887 1035 3976 Immifflr
1048 3881 1088 3955 ei
1102 3882 1158 3954 hee
1174 3884 1407 3986 inamphirhea·

828 3985 940 4052 Aaou
968 4005 983 4078 3
1322 4004 1405 4058 trum
