3658 4728
364 227 1154 318 Hetrorrco-anonoorct.·
1230 235 1236 248 '
1336 257 1417 346 ²95

2 375 3 412 p
201 381 203 384 -
327 376 334 392 .
386 379 394 394 .
1215 377 1223 394 .
1325 377 1333 394 .
1360 380 1368 396 .

144 373 566 588 *leiwid
579 373 631 542 :21¹
645 369 801 566 ipit?
814 391 1421 572 {ffilnffmfffflffldt

176 573 446 668 ie‚acctpiuntur,
461 569 549 669 quod
565 565 706 639 latiffinre
714 565 834 640 ostendi
842 589 981 662 poterat,
995 567 1018 639 sr
1035 595 1100 640 non
1117 575 1280 644 notorium
1289 573 1320 644 id
1329 573 1421 653 esset:

145 668 186 742 se
207 671 246 742 de
272 672 472 759 νυχθημέροις
498 663 617 737 Christi
636 664 718 738 idem
736 668 815 763 quin
829 664 1016 752 afferamus,
1050 666 1126 739 nihil
1143 669 1266 766 prorsus
1281 673 1422 767 impedit.

146 769 200 838 Dc
220 765 408 838 Ebraeorum
424 762 648 838 consuetudine
664 763 695 836 id
709 760 900 860 singulariter
917 786 955 832 ex
965 762 1061 833 Aben
1073 765 1152 836 Ezra
1176 767 1307 839 declarat
1330 769 1423 843 Gro-

148 867 212 936 tius
230 870 263 933 in
279 861 462 937 Aurorae
483 862 513 932 h.
532 863 556 932 l.
584 859 664 956 qued
682 857 734 928 ube·
754 863 807 928 lere
830 861 929 952 Mofis
946 858 1067 930 dierum
1081 886 1241 934 numerum
1254 873 1422 964 exprimit,

147 983 183 1034 ru
208 977 244 1031 en
259 963 508 1058 circumcifione,
540 977 692 1055 receptum
715 956 798 1052 apud
814 962 992 1055 interpretes
1006 965 1100 1029 etiem
1109 959 1187 1050 simi
1200 960 1309 1031 horam
1329 972 1423 1037 unius

148 1065 322 1150 νυχθημίρκ
349 1058 433 1130 diem
448 1059 558 1154 facere
577 1079 588 1126 .·
622 1061 697 1150 quie
713 1055 780 1123 dies
795 1056 933 1150 legalis,
958 1060 1073 1150 ajunt,
1098 1081 1159 1124 nete
1176 1079 1370 1156 temperetur
1382 1066 1423 1136 de

149 1179 279 1257 tempore
295 1156 339 1229 ed
354 1178 480 1258 temper.
508 1161 547 1224 In
562 1153 660 1250 spatio
675 1173 780 1223 autem
799 1154 968 1246 temporis,
994 1151 1081 1250 quod
1096 1154 1176 1225 inter
1191 1153 1309 1226 Christi
1320 1155 1424 1256 sepul.

150 1279 249 1328 turam
267 1263 302 1326 &
316 1253 569 1326 resurredlionem
587 1252 751 1320 communi
769 1256 802 1320 δι
820 1247 970 1322 veriffnnt
986 1252 1132 1321 omnium
1148 1248 1426 1330 sententiaconsti-

150 1349 323 1438 terrorest,
349 1354 407 1424 tria
417 1351 472 1422 ista
488 1347 674 1440 νυχθήμεμω
693 1343 944 1441 Synecdochi'ce,
970 1369 1007 1416 ut
1022 1354 1083 1437 jam
1099 1351 1346 1444 explicavimus,
1371 1357 1424 1428 in-
1491 1438 1496 1446 .

150 1451 270 1520 tellesta
286 1451 376 1520 nullo
393 1451 524 1546 negotio
539 1443 765 1554 deprehendere
782 1445 863 1515 licet.
898 1446 985 1522 Nam
1001 1469 1074 1516 cum
1091 1445 1234 1519 Christus
1250 1450 1299 1522 die
1316 1455 1425 1526 Vene-

149 1549 210 1632 ris,
228 1544 305 1620 feria
317 1544 399 1618 sorta
411 1596 423 1635 ‚
441 1549 479 1618 in
491 1545 652 1618 Paralceve
668 1537 821 1614 Paschatis
838 1537 936 1637 pallus
949 1539 1003 1626 stt,
1023 1543 1110 1638 quod
1125 1545 1426 1645 mviauargumm.

151 1645 192 1714 tis
211 1641 291 1716 infra
306 1640 608 1728 demonstrabimus,
633 1641 717 1712 truci
736 1639 865 1735 quidem
882 1641 960 1708 circa
975 1638 1227 1726 meridiem‚stve
1240 1641 1355 1718 sextam
1362 1649 1426 1727 diei

152 1739 284 1828 horam,
308 1740 417 1812 affixus
432 1738 492 1824 est,
519 1737 590 1836 post
605 1761 724 1810 nonam
745 1761 839 1820 vero,
865 1732 926 1808 live
943 1733 1080 1806 nostram
1100 1741 1221 1810 tertiam
1235 1746 1425 1836 pomeridia-

152 1863 228 1910 nam
237 1891 248 1924 ,
274 1835 415 1935 spiritum
430 1836 552 1926 emisit,
576 1847 611 1908 δι
628 1835 758 1907 demum
775 1836 854 1903 circa
868 1830 976 1903 horem
990 1832 1051 1904 diei
1066 1834 1249 1924 decimam,
1282 1837 1344 1911 stre
1362 1869 1426 1916 no.

151 1932 245 2007 stram
264 1959 405 2034 quartam
420 1987 430 2020 ,
455 1961 473 2005 a
488 1933 628 2033 josepho
644 1938 678 2003 de
696 1929 882 2002 Nicodemo
897 1925 1033 2026 sepultus
1048 1929 1110 2017 est,
1126 1934 1246 2030 quode
1260 1937 1425 2018 clarissima

154 2031 426 2132 Euangelistorum
450 2035 624 2103 narratione
639 2026 767 2099 constat.
819 2024 960 2099 Residuae
977 2030 1081 2125 itaque
1095 2052 1186 2100 erunt
1199 2033 1369 2107 etiamnum
1387 2065 1426 2113 ex

159 2129 221 2202 isto
239 2137 439 2219 νυχθημὲρῳ,
481 2127 584 2200 uando
601 2123 746 2197 Christus
761 2121 897 2221 sepultus
912 2146 995 2210 eret,
1010 2125 1078 2196 duae
1092 2127 1213 2199 circiter
1228 2128 1331 2218 horae,
1350 2161 1429 2232 quas

156 2251 233 2298 cum
249 2225 393 2300 Christus
408 2231 440 2298 in
456 2155 597 2322 lipulcro
611 2219 760 2322 exegisset
775 2275 785 2308 ,
810 2222 940 2292 alterum
958 2221 1147 2313 ›ipepew‘tlm
1163 2249 1251 2296 more
1267 2228 1428 2324 Judaicoa

154 2323 260 2398 nostra
274 2322 355 2398 sexto
373 2322 542 2423 vespertina
557 2320 664 2394 inibat.
690 2322 758 2392 Hic
775 2321 912 2416 primum
929 2323 989 2409 jam
1007 2315 1100 2390 habes
1119 2321 1317 2415 νυχθήμερον.
1332 2330 1426 2404 Duas

154 2427 241 2496 enim
265 2413 446 2494 istas‘horos
470 2445 570 2491 unum
588 2419 672 2490 diem
690 2418 832 2496 civilem,
866 2441 924 2487 ceu
938 2437 1038 2513 partes
1054 2437 1177 2504 totum,
1203 2420 1425 2518 denominate,

154 2544 252 2592 nemo
266 2519 406 2594 dubitare
422 2515 533 2614 potest.
570 2519 708 2614 langius
722 2539 852 2614 quoque
869 2539 935 2584 non
951 2511 1167 2612 refragabitur,
1184 2521 1240 2614 qui
1257 2517 1320 2618 ipse
1337 2522 1427 2598 binae
1497 2541 1499 2545 “

154 2619 278 2690 endem
292 2616 382 2691 horas
419 2643 456 2687 ro
472 2641 540 2686 uno
555 2615 606 2686 dic
623 2615 752 2684 natttrali
770 2631 919 2682 numerat.
937 2613 991 2682 De
1004 2609 1140 2684 seeundo
1150 2621 1431 2712 vvginpippnulla,

155 2715 366 2790 controversia
427 2765 434 2782 .
462 2714 541 2784 Illud
556 2713 642 2784 enirn
657 2713 814 2807 integrum
825 2705 980 2806 spatium,
995 2733 1109 2805 nempe
1125 2715 1249 2785 XXIV.
1264 2715 1427 2808 horarum,

156 2815 286 2884 nostem
310 2819 344 2885 dt
361 2813 445 2884 diem
462 2811 631 2882 naturalem
646 2808 884 2903 complesttm,
910 2810 943 2877 in
960 2807 1085 2878 tumulo
1101 2811 1245 2882 Servator
1267 2823 1424 2916 transegit.

156 2913 232 2982 Fuit
245 2933 354 2982 autern
366 2907 534 2980 Sabbatum
551 2907 743 2980 ordinarium
756 2901 808 2975 seu
825 2902 1104 2990 hebdomadale‚in
1121 2909 1209 3003 quod
1225 2934 1266 2978 eo
1280 2933 1425 3009 tempore

156 3004 273 3078 festum
290 3005 440 3082 Paschatis
455 3003 507 3078 seu
521 3007 659 3102 primum
676 3007 874 3100 Azyrnorum
891 3001 1027 3086 incidit,
1059 3004 1104 3072 uti
1121 2999 1200 3073 infin
1216 3003 1425 3083 ostendemus.

158 3107 311 3177 Tertium
325 3104 512 3197 νυχθήμερον
528 3101 623 3175 finito
639 3103 720 3174 eirca
736 3097 894 3197 vesperam
911 3097 1048 3169 Sabbato
1064 3097 1167 3169 statim
1184 3095 1340 3187 succeffit,
1357 3113 1391 3177 δι
1408 3135 1427 3180 a

158 3200 282 3300 vespere
299 3200 383 3275 feria
398 3204 505 3299 prime
519 3204 589 3272 ince
614 3202 646 3269 't.
698 3202 805 3288 Hujus
821 3197 913 3266 etiarn
929 3220 1071 3292 magnam
1092 3217 1237 3292 partem,
1262 3200 1368 3274 decem
1387 3206 1427 3278 ad

161 3302 332 3373 minimum
351 3299 467 3385 horos,
503 3297 595 3368 Chril
634 3323 648 3367 s
674 3299 707 3368 in
728 3314 940 3368 monumento
962 3294 1090 3388 exegit,
1116 3293 1192 3365 dum
1210 3292 1311 3394 'elapso
1327 3325 1429 3400 prope

161 3399 320 3468 nocturno
335 3394 433 3494 spatio
450 3449 461 3480 ‚
487 3397 566 3466 circa
578 3393 751 3466 diluculum
768 3393 896 3464 demmn
912 3384 996 3460 ferie
1012 3391 1118 3484 prinae
1137 3442 1146 3474 ‚
1173 3389 1235 3464 five
1249 3399 1312 3468 diei
1330 3401 1431 3487 Solis,

159 3496 264 3566 vidior
284 3501 318 3565 dc
341 3491 548 3588 triumphator
570 3487 799 3590 augustiisuntu
814 3485 940 3583 prodiit.
989 3486 1072 3557 Ecce
1087 3487 1224 3561 triduum
1239 3489 1349 3590 sepulti
1359 3501 1431 3568 Ser·

159 3594 276 3662 tatoris
290 3587 479 3663 sufficienter
495 3585 769 3660 ostensuml'Ecce
785 3587 843 3656 tria
861 3584 1031 3676 νυχθήμερα
1049 3611 1143 3657 morae
1161 3590 1233 3660 Filii
1250 3589 1387 3664 hominis
1396 3596 1430 3667 in

160 3689 255 3760 corde
269 3711 356 3760 terre
371 3685 531 3759 clariffime
538 3681 760 3758 demonstrata!
775 3679 911 3752 Nodum
920 3683 952 3752 in
961 3678 1061 3780 scirpo
1071 3687 1197 3781 quaerit,
1217 3689 1273 3783 qui
1282 3691 1371 3760 tricas
1378 3689 1432 3765 hie

160 3780 656 3870 neitit,ubinullasinvenit.1ns
703 3777 1432 3872 em&luculentiffimumdoffiis1mil³atris‚lsr·

161 3881 647 3978 doril’elusromlocumnonpo
670 3875 1432 4053 umnonadscribereguiadeoapposttehucgsua.

1391 4007 1434 4072 π»
