<?xml version="1.0" encoding="UTF-8"?>
<!DOCTYPE html PUBLIC "-//W3C//DTD XHTML 1.0 Transitional//EN"
    "http://www.w3.org/TR/xhtml1/DTD/xhtml1-transitional.dtd">
<html xmlns="http://www.w3.org/1999/xhtml" xml:lang="en" lang="en">
 <head>
  <title>
</title>
<meta http-equiv="Content-Type" content="text/html;charset=utf-8" />
  <meta name='ocr-system' content='tesseract 3.04.00' />
  <meta name='ocr-capabilities' content='ocr_page ocr_carea ocr_par ocr_line ocrx_word'/>
</head>
<body>
  <div class='ocr_page' id='page_1' title='image "./collectiodisser00wandgoog_0391.png"; bbox 0 0 3414 4730; ppageno 0'>
   <div class='ocr_carea' id='block_1_1' title="bbox 250 186 1283 310">
    <p class='ocr_par' dir='ltr' id='par_1_1' title="bbox 250 186 1283 310">
     <span class='ocr_line' id='line_1_1' title="bbox 250 186 1283 310; baseline -0.005 -36"><span class='ocrx_word' id='word_1_1' title='bbox 250 186 1015 282; x_wconf 77' lang='lat' dir='ltr'>Hrsnonrco-Tnaonoorcn.</span> <span class='ocrx_word' id='word_1_2' title='bbox 1202 221 1283 310; x_wconf 82' lang='lat'>379·</span> 
     </span>
    </p>
   </div>
   <div class='ocr_carea' id='block_1_2' title="bbox 52 330 1374 3254">
    <p class='ocr_par' dir='ltr' id='par_1_2' title="bbox 63 330 1374 917">
     <span class='ocr_line' id='line_1_2' title="bbox 68 330 1283 432; baseline 0.002 -26"><span class='ocrx_word' id='word_1_3' title='bbox 68 331 208 406; x_wconf 84' lang='lat' dir='ltr'>trianrsros</span> <span class='ocrx_word' id='word_1_4' title='bbox 222 330 311 419; x_wconf 83' lang='lat' dir='ltr'>suos,</span> <span class='ocrx_word' id='word_1_5' title='bbox 337 357 448 404; x_wconf 90' lang='lat' dir='ltr'>eorum</span> <span class='ocrx_word' id='word_1_6' title='bbox 472 357 511 405; x_wconf 89' lang='lat' dir='ltr'>ue</span> <span class='ocrx_word' id='word_1_7' title='bbox 526 330 751 430; x_wconf 75' lang='lat' dir='ltr'>hyperaspistrn</span> <span class='ocrx_word' id='word_1_8' title='bbox 766 337 946 432; x_wconf 82' lang='lat' dir='ltr'>Langium;</span> <span class='ocrx_word' id='word_1_9' title='bbox 970 332 1152 406; x_wconf 86' lang='lat' dir='ltr'>remisrmus.</span> <span class='ocrx_word' id='word_1_10' title='bbox 1179 339 1283 410; x_wconf 87' lang='lat' dir='ltr'>Tem·</span> 
     </span>
     <span class='ocr_line' id='line_1_3' title="bbox 65 359 1282 530; baseline 0.006 -28"><span class='ocrx_word' id='word_1_11' title='bbox 65 455 107 528; x_wconf 74' lang='lat' dir='ltr'>pne</span> <span class='ocrx_word' id='word_1_12' title='bbox 122 433 270 530; x_wconf 60' lang='lat' dir='ltr'>quoque}</span> <span class='ocrx_word' id='word_1_13' title='bbox 292 429 399 502; x_wconf 87' lang='lat' dir='ltr'>Schilo</span> <span class='ocrx_word' id='word_1_14' title='bbox 421 359 492 500; x_wconf 74' lang='lat' dir='ltr'>oilai</span> <span class='ocrx_word' id='word_1_15' title='bbox 514 432 660 503; x_wconf 88' lang='lat' dir='ltr'>mittendi</span> <span class='ocrx_word' id='word_1_16' title='bbox 683 427 844 502; x_wconf 86' lang='lat' dir='ltr'>manifeste</span> <span class='ocrx_word' id='word_1_17' title='bbox 867 431 979 502; x_wconf 90' lang='lat' dir='ltr'>eodem</span> <span class='ocrx_word' id='word_1_18' title='bbox 996 432 1124 503; x_wconf 88' lang='lat' dir='ltr'>indicari</span> <span class='ocrx_word' id='word_1_19' title='bbox 1145 430 1282 508; x_wconf 86' lang='lat' dir='ltr'>ostendi-</span> 
     </span>
     <span class='ocr_line' id='line_1_4' title="bbox 65 527 1283 628; baseline 0.004 -30"><span class='ocrx_word' id='word_1_20' title='bbox 65 553 131 616; x_wconf 78' lang='lat' dir='ltr'>nus,</span> <span class='ocrx_word' id='word_1_21' title='bbox 150 549 214 600; x_wconf 89' lang='lat' dir='ltr'>curn</span> <span class='ocrx_word' id='word_1_22' title='bbox 229 527 319 625; x_wconf 80' lang='lat' dir='ltr'>ipfius</span> <span class='ocrx_word' id='word_1_23' title='bbox 334 549 465 625; x_wconf 82' lang='lat' dir='ltr'>regnum</span> <span class='ocrx_word' id='word_1_24' title='bbox 480 529 607 603; x_wconf 79' lang='lat' dir='ltr'>dellante</span> <span class='ocrx_word' id='word_1_25' title='bbox 623 527 698 613; x_wconf 93' lang='lat' dir='ltr'>illo,</span> <span class='ocrx_word' id='word_1_26' title='bbox 724 528 813 626; x_wconf 91' lang='lat' dir='ltr'>quod</span> <span class='ocrx_word' id='word_1_27' title='bbox 830 529 864 598; x_wconf 88' lang='lat' dir='ltr'>iri</span> <span class='ocrx_word' id='word_1_28' title='bbox 879 527 962 599; x_wconf 89' lang='lat' dir='ltr'>tribu</span> <span class='ocrx_word' id='word_1_29' title='bbox 969 527 1057 626; x_wconf 80' lang='lat' dir='ltr'>Judae</span> <span class='ocrx_word' id='word_1_30' title='bbox 1065 527 1202 628; x_wconf 86' lang='lat' dir='ltr'>eousque</span> <span class='ocrx_word' id='word_1_31' title='bbox 1211 557 1283 628; x_wconf 91' lang='lat' dir='ltr'>pet-</span> 
     </span>
     <span class='ocr_line' id='line_1_5' title="bbox 64 620 1285 726; baseline 0.007 -32"><span class='ocrx_word' id='word_1_32' title='bbox 64 620 166 698; x_wconf 85' lang='lat' dir='ltr'>lcverart</span> <span class='ocrx_word' id='word_1_33' title='bbox 178 626 297 712; x_wconf 86' lang='lat' dir='ltr'>debuit,</span> <span class='ocrx_word' id='word_1_34' title='bbox 322 627 514 696; x_wconf 85' lang='lat' dir='ltr'>exoriturum</span> <span class='ocrx_word' id='word_1_35' title='bbox 531 645 624 723; x_wconf 86' lang='lat' dir='ltr'>atque</span> <span class='ocrx_word' id='word_1_36' title='bbox 640 625 678 697; x_wconf 91' lang='lat' dir='ltr'>ad</span> <span class='ocrx_word' id='word_1_37' title='bbox 692 650 803 696; x_wconf 90' lang='lat' dir='ltr'>omnes</span> <span class='ocrx_word' id='word_1_38' title='bbox 824 627 959 721; x_wconf 89' lang='lat' dir='ltr'>populos</span> <span class='ocrx_word' id='word_1_39' title='bbox 967 626 1196 700; x_wconf 87' lang='lat' dir='ltr'>extendendum</span> <span class='ocrx_word' id='word_1_40' title='bbox 1207 653 1285 726; x_wconf 82' lang='lat' dir='ltr'>ptae-</span> 
     </span>
     <span class='ocr_line' id='line_1_6' title="bbox 63 717 1374 820; baseline 0.005 -28"><span class='ocrx_word' id='word_1_41' title='bbox 63 725 201 796; x_wconf 85' lang='lat' dir='ltr'>nuntietur.</span> <span class='ocrx_word' id='word_1_42' title='bbox 226 725 323 796; x_wconf 80' lang='lat' dir='ltr'>Bonis</span> <span class='ocrx_word' id='word_1_43' title='bbox 337 718 530 820; x_wconf 82' lang='lat' dir='ltr'>cordatisque</span> <span class='ocrx_word' id='word_1_44' title='bbox 544 722 694 794; x_wconf 88' lang='lat' dir='ltr'>omnibus</span> <span class='ocrx_word' id='word_1_45' title='bbox 710 719 774 798; x_wconf 76' lang='lat' dir='ltr'>laec</span> <span class='ocrx_word' id='word_1_46' title='bbox 792 717 861 792; x_wconf 85' lang='lat' dir='ltr'>latis</span> <span class='ocrx_word' id='word_1_47' title='bbox 875 717 944 793; x_wconf 89' lang='lat' dir='ltr'>fore</span> <span class='ocrx_word' id='word_1_48' title='bbox 958 720 1122 820; x_wconf 82' lang='lat' dir='ltr'>speramus.</span> <span class='ocrx_word' id='word_1_49' title='bbox 1150 724 1284 798; x_wconf 88' lang='lat' dir='ltr'>Ceteros</span> <span class='ocrx_word' id='word_1_50' title='bbox 1370 769 1374 776; x_wconf 91' lang='lat'><em>·</em></span> 
     </span>
     <span class='ocr_line' id='line_1_7' title="bbox 63 816 976 917; baseline 0 -27"><span class='ocrx_word' id='word_1_51' title='bbox 63 842 112 890; x_wconf 88' lang='lat' dir='ltr'>non</span> <span class='ocrx_word' id='word_1_52' title='bbox 127 846 287 905; x_wconf 84' lang='lat' dir='ltr'>moramur,</span> <span class='ocrx_word' id='word_1_53' title='bbox 313 819 429 917; x_wconf 86' lang='lat' dir='ltr'>quibus</span> <span class='ocrx_word' id='word_1_54' title='bbox 445 817 601 892; x_wconf 84' lang='lat' dir='ltr'>haefitandi</span> <span class='ocrx_word' id='word_1_55' title='bbox 615 817 703 892; x_wconf 84' lang='lat' dir='ltr'>causa</span> <span class='ocrx_word' id='word_1_56' title='bbox 720 817 823 892; x_wconf 88' lang='lat' dir='ltr'>ubivis</span> <span class='ocrx_word' id='word_1_57' title='bbox 839 816 976 890; x_wconf 79' lang='lat' dir='ltr'>offetmr.</span> 
     </span>
    </p>

    <p class='ocr_par' dir='ltr' id='par_1_3' title="bbox 52 915 1328 3254">
     <span class='ocr_line' id='line_1_8' title="bbox 99 915 1328 1013; baseline 0.003 -27"><span class='ocrx_word' id='word_1_58' title='bbox 99 915 306 992; x_wconf 76' lang='lat' dir='ltr'>constitueram</span> <span class='ocrx_word' id='word_1_59' title='bbox 323 942 416 1013; x_wconf 83' lang='lat' dir='ltr'>penes</span> <span class='ocrx_word' id='word_1_60' title='bbox 431 941 498 994; x_wconf 85' lang='lat' dir='ltr'>me.</span> <span class='ocrx_word' id='word_1_61' title='bbox 525 919 657 988; x_wconf 85' lang='lat' dir='ltr'>aliorum</span> <span class='ocrx_word' id='word_1_62' title='bbox 675 918 812 1012; x_wconf 89' lang='lat' dir='ltr'>plurium</span> <span class='ocrx_word' id='word_1_63' title='bbox 827 920 857 988; x_wconf 84' lang='lat' dir='ltr'>S.</span> <span class='ocrx_word' id='word_1_64' title='bbox 876 915 1007 987; x_wconf 87' lang='lat' dir='ltr'>Codicis</span> <span class='ocrx_word' id='word_1_65' title='bbox 1021 916 1166 990; x_wconf 81' lang='lat' dir='ltr'>lotorum</span> <span class='ocrx_word' id='word_1_66' title='bbox 1182 921 1285 992; x_wconf 84' lang='lat' dir='ltr'>minus</span> <span class='ocrx_word' id='word_1_67' title='bbox 1326 963 1328 968; x_wconf 87' lang='lat'><em>·</em></span> 
     </span>
     <span class='ocr_line' id='line_1_9' title="bbox 64 1011 1287 1112; baseline 0.002 -28"><span class='ocrx_word' id='word_1_68' title='bbox 64 1013 166 1085; x_wconf 76' lang='lat' dir='ltr'>redeat</span> <span class='ocrx_word' id='word_1_69' title='bbox 181 1015 343 1086; x_wconf 89' lang='lat' dir='ltr'>commode</span> <span class='ocrx_word' id='word_1_70' title='bbox 362 1015 518 1110; x_wconf 83' lang='lat' dir='ltr'>aLangio</span> <span class='ocrx_word' id='word_1_71' title='bbox 541 1015 765 1110; x_wconf 82' lang='lat' dir='ltr'>explicatorum</span> <span class='ocrx_word' id='word_1_72' title='bbox 785 1013 1025 1089; x_wconf 85' lang='lat' dir='ltr'>vindicationem</span> <span class='ocrx_word' id='word_1_73' title='bbox 1047 1041 1082 1084; x_wconf 87' lang='lat' dir='ltr'>ac</span> <span class='ocrx_word' id='word_1_74' title='bbox 1096 1011 1287 1112; x_wconf 82' lang='lat' dir='ltr'>explanatio-</span> 
     </span>
     <span class='ocr_line' id='line_1_10' title="bbox 62 1108 1286 1208; baseline 0.002 -28"><span class='ocrx_word' id='word_1_75' title='bbox 62 1133 116 1180; x_wconf 88' lang='lat' dir='ltr'>ncn</span> <span class='ocrx_word' id='word_1_76' title='bbox 128 1108 190 1182; x_wconf 89' lang='lat' dir='ltr'>huic</span> <span class='ocrx_word' id='word_1_77' title='bbox 203 1111 352 1184; x_wconf 80' lang='lat' dir='ltr'>Diatribar</span> <span class='ocrx_word' id='word_1_78' title='bbox 366 1113 537 1183; x_wconf 66' lang='lat' dir='ltr'>annectere.</span> <span class='ocrx_word' id='word_1_79' title='bbox 571 1113 682 1184; x_wconf 82' lang='lat' dir='ltr'>Paucis</span> <span class='ocrx_word' id='word_1_80' title='bbox 699 1136 786 1208; x_wconf 84' lang='lat' dir='ltr'>agere</span> <span class='ocrx_word' id='word_1_81' title='bbox 803 1110 993 1184; x_wconf 75' lang='lat' dir='ltr'>decreveram</span> <span class='ocrx_word' id='word_1_82' title='bbox 1007 1109 1127 1184; x_wconf 85' lang='lat' dir='ltr'>deloco</span> <span class='ocrx_word' id='word_1_83' title='bbox 1137 1118 1213 1188; x_wconf 62' lang='lat' dir='ltr'>Geta</span> <span class='ocrx_word' id='word_1_84' title='bbox 1225 1119 1286 1201; x_wconf 82' lang='lat' dir='ltr'>IV,</span> 
     </span>
     <span class='ocr_line' id='line_1_11' title="bbox 62 1207 1289 1311; baseline 0.006 -37"><span class='ocrx_word' id='word_1_85' title='bbox 62 1215 103 1274; x_wconf 82' lang='lat'>26.</span> <span class='ocrx_word' id='word_1_86' title='bbox 116 1233 199 1304; x_wconf 88' lang='lat' dir='ltr'>quem</span> <span class='ocrx_word' id='word_1_87' title='bbox 215 1212 353 1308; x_wconf 86' lang='lat' dir='ltr'>Langius</span> <span class='ocrx_word' id='word_1_88' title='bbox 368 1209 466 1278; x_wconf 84' lang='lat' dir='ltr'>aliene</span> <span class='ocrx_word' id='word_1_89' title='bbox 482 1210 698 1304; x_wconf 88' lang='lat' dir='ltr'>interpretatur</span> <span class='ocrx_word' id='word_1_90' title='bbox 713 1207 767 1282; x_wconf 82' lang='lat' dir='ltr'>lib.</span> <span class='ocrx_word' id='word_1_91' title='bbox 782 1233 813 1280; x_wconf 86' lang='lat'>2.</span> <span class='ocrx_word' id='word_1_92' title='bbox 830 1233 855 1279; x_wconf 87' lang='lat' dir='ltr'>c.</span> <span class='ocrx_word' id='word_1_93' title='bbox 870 1235 900 1307; x_wconf 84' lang='lat'>3.</span> <span class='ocrx_word' id='word_1_94' title='bbox 911 1232 986 1311; x_wconf 76' lang='lat' dir='ltr'>pag.</span> <span class='ocrx_word' id='word_1_95' title='bbox 1000 1226 1079 1302; x_wconf 82' lang='lat'><em>251.</em></span> <span class='ocrx_word' id='word_1_96' title='bbox 1113 1211 1289 1284; x_wconf 89' lang='lat' dir='ltr'>Volneram</span> 
     </span>
     <span class='ocr_line' id='line_1_12' title="bbox 60 1297 1289 1404; baseline 0.006 -33"><span class='ocrx_word' id='word_1_97' title='bbox 60 1297 183 1376; x_wconf 74' lang='lat' dir='ltr'>succindit</span> <span class='ocrx_word' id='word_1_98' title='bbox 197 1306 366 1402; x_wconf 83' lang='lat' dir='ltr'>expendere</span> <span class='ocrx_word' id='word_1_99' title='bbox 381 1305 633 1380; x_wconf 80' lang='lat' dir='ltr'>conciliationem</span> <span class='ocrx_word' id='word_1_100' title='bbox 649 1304 749 1378; x_wconf 82' lang='lat' dir='ltr'>Mosrs</span> <span class='ocrx_word' id='word_1_101' title='bbox 772 1312 848 1376; x_wconf 80' lang='lat' dir='ltr'>Gen.</span> <span class='ocrx_word' id='word_1_102' title='bbox 858 1311 984 1391; x_wconf 85' lang='lat' dir='ltr'><em>XLVI,</em></span> <span class='ocrx_word' id='word_1_103' title='bbox 997 1313 1052 1376; x_wconf 90' lang='lat'>26.</span> <span class='ocrx_word' id='word_1_104' title='bbox 1069 1331 1142 1378; x_wconf 88' lang='lat' dir='ltr'>cum</span> <span class='ocrx_word' id='word_1_105' title='bbox 1159 1305 1289 1404; x_wconf 85' lang='lat' dir='ltr'>Steplra-</span> 
     </span>
     <span class='ocr_line' id='line_1_13' title="bbox 60 1401 1289 1568; baseline 0.002 -96"><span class='ocrx_word' id='word_1_106' title='bbox 60 1403 171 1509; x_wconf 62' lang='lat' dir='ltr'>portu.</span> <span class='ocrx_word' id='word_1_107' title='bbox 184 1407 260 1489; x_wconf 83' lang='lat' dir='ltr'><em>VII,</em></span> <span class='ocrx_word' id='word_1_108' title='bbox 281 1429 335 1568; x_wconf 59' lang='lat' dir='ltr'>tp.</span> <span class='ocrx_word' id='word_1_109' title='bbox 361 1401 399 1474; x_wconf 89' lang='lat' dir='ltr'>dc</span> <span class='ocrx_word' id='word_1_110' title='bbox 412 1427 546 1516; x_wconf 77' lang='lat' dir='ltr'>numero</span> <span class='ocrx_word' id='word_1_111' title='bbox 560 1405 732 1476; x_wconf 83' lang='lat' dir='ltr'>aninurum</span> <span class='ocrx_word' id='word_1_112' title='bbox 748 1429 765 1476; x_wconf 92' lang='lat' dir='ltr'>e</span> <span class='ocrx_word' id='word_1_113' title='bbox 781 1401 892 1500; x_wconf 86' lang='lat' dir='ltr'>Jacobi</span> <span class='ocrx_word' id='word_1_114' title='bbox 908 1404 1057 1500; x_wconf 85' lang='lat' dir='ltr'>progenie</span> <span class='ocrx_word' id='word_1_115' title='bbox 1072 1427 1229 1490; x_wconf 85' lang='lat' dir='ltr'>orcarum,</span> <span class='ocrx_word' id='word_1_116' title='bbox 1254 1429 1289 1475; x_wconf 90' lang='lat' dir='ltr'>ac</span> 
     </span>
     <span class='ocr_line' id='line_1_14' title="bbox 60 1499 1290 1697; baseline 0.006 -35"><span class='ocrx_word' id='word_1_117' title='bbox 60 1503 251 1669; x_wconf 61' lang='lat' dir='ltr'>illidii</span> <span class='ocrx_word' id='word_1_118' title='bbox 266 1499 791 1693; x_wconf 48' lang='lat' dir='ltr'>iiiiidiimc&#39;uluiiiissili</span> <span class='ocrx_word' id='word_1_119' title='bbox 805 1503 1290 1697; x_wconf 51' lang='lat' dir='ltr'>zfssllltl’lllfl‘rlzll</span> 
     </span>
     <span class='ocr_line' id='line_1_15' title="bbox 60 1689 1290 1794; baseline 0.003 -34"><span class='ocrx_word' id='word_1_120' title='bbox 60 1689 189 1786; x_wconf 84' lang='lat' dir='ltr'>Stephano</span> <span class='ocrx_word' id='word_1_121' title='bbox 206 1695 285 1768; x_wconf 77' lang='lat' dir='ltr'>Au.</span> <span class='ocrx_word' id='word_1_122' title='bbox 297 1699 376 1780; x_wconf 87' lang='lat' dir='ltr'>Vll,</span> <span class='ocrx_word' id='word_1_123' title='bbox 384 1719 420 1790; x_wconf 87' lang='lat'>4.</span> <span class='ocrx_word' id='word_1_124' title='bbox 428 1692 465 1765; x_wconf 91' lang='lat' dir='ltr'>de</span> <span class='ocrx_word' id='word_1_125' title='bbox 474 1696 563 1767; x_wconf 87' lang='lat' dir='ltr'>annis</span> <span class='ocrx_word' id='word_1_126' title='bbox 576 1692 749 1768; x_wconf 84' lang='lat' dir='ltr'>Abrahami</span> <span class='ocrx_word' id='word_1_127' title='bbox 759 1696 893 1791; x_wconf 87' lang='lat' dir='ltr'>&amp;patris</span> <span class='ocrx_word' id='word_1_128' title='bbox 900 1691 1160 1790; x_wconf 74' lang='lat' dir='ltr'>Tharah,quam</span> <span class='ocrx_word' id='word_1_129' title='bbox 1164 1718 1197 1794; x_wconf 81' lang='lat' dir='ltr'>p.</span> <span class='ocrx_word' id='word_1_130' title='bbox 1211 1715 1290 1789; x_wconf 79' lang='lat'>257.</span> 
     </span>
     <span class='ocr_line' id='line_1_16' title="bbox 60 1785 1294 1888; baseline -0.002 -24"><span class='ocrx_word' id='word_1_131' title='bbox 60 1785 175 1864; x_wconf 67' lang='lat' dir='ltr'>ubibo:</span> <span class='ocrx_word' id='word_1_132' title='bbox 199 1817 258 1864; x_wconf 89' lang='lat' dir='ltr'>nec</span> <span class='ocrx_word' id='word_1_133' title='bbox 273 1818 337 1866; x_wconf 90' lang='lat' dir='ltr'>non</span> <span class='ocrx_word' id='word_1_134' title='bbox 351 1787 577 1888; x_wconf 78' lang='lat' dir='ltr'>expositionem</span> <span class='ocrx_word' id='word_1_135' title='bbox 589 1790 755 1864; x_wconf 89' lang='lat' dir='ltr'>verborum</span> <span class='ocrx_word' id='word_1_136' title='bbox 773 1789 1294 1876; x_wconf 71' lang='lat' dir='ltr'>D.1²auliArl.X111‚20.denu-·</span> 
     </span>
     <span class='ocr_line' id='line_1_17' title="bbox 58 1883 1293 1987; baseline 0.001 -30"><span class='ocrx_word' id='word_1_137' title='bbox 58 1911 128 1958; x_wconf 84' lang='lat' dir='ltr'>nero</span> <span class='ocrx_word' id='word_1_138' title='bbox 147 1915 322 1975; x_wconf 89' lang='lat' dir='ltr'>annorum,</span> <span class='ocrx_word' id='word_1_139' title='bbox 354 1885 469 1987; x_wconf 90' lang='lat' dir='ltr'>quibus</span> <span class='ocrx_word' id='word_1_140' title='bbox 489 1885 618 1978; x_wconf 87' lang='lat' dir='ltr'>Judices</span> <span class='ocrx_word' id='word_1_141' title='bbox 632 1885 840 1984; x_wconf 84' lang='lat' dir='ltr'>praefuerunt,</span> <span class='ocrx_word' id='word_1_142' title='bbox 867 1913 962 1985; x_wconf 89' lang='lat' dir='ltr'>quam</span> <span class='ocrx_word' id='word_1_143' title='bbox 986 1883 1073 1958; x_wconf 85' lang='lat' dir='ltr'>affert</span> <span class='ocrx_word' id='word_1_144' title='bbox 1088 1911 1117 1960; x_wconf 88' lang='lat' dir='ltr'>c.</span> <span class='ocrx_word' id='word_1_145' title='bbox 1125 1914 1157 1977; x_wconf 93' lang='lat'>7.</span> <span class='ocrx_word' id='word_1_146' title='bbox 1171 1909 1203 1986; x_wconf 80' lang='lat' dir='ltr'>p.</span> <span class='ocrx_word' id='word_1_147' title='bbox 1215 1910 1293 1980; x_wconf 83' lang='lat'>279.</span> 
     </span>
     <span class='ocr_line' id='line_1_18' title="bbox 56 1982 1295 2084; baseline 0.003 -30"><span class='ocrx_word' id='word_1_148' title='bbox 56 1985 172 2058; x_wconf 80' lang='lat' dir='ltr'>Animus</span> <span class='ocrx_word' id='word_1_149' title='bbox 188 1989 280 2059; x_wconf 89' lang='lat' dir='ltr'>etiam</span> <span class='ocrx_word' id='word_1_150' title='bbox 296 1983 395 2058; x_wconf 88' lang='lat' dir='ltr'>fuerat</span> <span class='ocrx_word' id='word_1_151' title='bbox 409 1985 605 2084; x_wconf 84' lang='lat' dir='ltr'>prophetiam</span> <span class='ocrx_word' id='word_1_152' title='bbox 621 1987 763 2058; x_wconf 80' lang='lat' dir='ltr'>Danielis</span> <span class='ocrx_word' id='word_1_153' title='bbox 770 1986 808 2059; x_wconf 92' lang='lat' dir='ltr'>de</span> <span class='ocrx_word' id='word_1_154' title='bbox 817 1989 917 2058; x_wconf 64' lang='lat' dir='ltr'>Lxx</span> <span class='ocrx_word' id='word_1_155' title='bbox 925 1982 1295 2076; x_wconf 84' lang='lat' dir='ltr'>Hebdonradibus,ejus·</span> 
     </span>
     <span class='ocr_line' id='line_1_19' title="bbox 57 2081 1295 2180; baseline 0.003 -30"><span class='ocrx_word' id='word_1_156' title='bbox 57 2104 108 2176; x_wconf 84' lang='lat' dir='ltr'>que</span> <span class='ocrx_word' id='word_1_157' title='bbox 123 2081 358 2180; x_wconf 78' lang='lat' dir='ltr'>‘explicationem</span> <span class='ocrx_word' id='word_1_158' title='bbox 373 2085 562 2180; x_wconf 76' lang='lat' dir='ltr'>Largianam</span> <span class='ocrx_word' id='word_1_159' title='bbox 579 2087 618 2152; x_wconf 84' lang='lat' dir='ltr'>L.</span> <span class='ocrx_word' id='word_1_160' title='bbox 630 2106 662 2154; x_wconf 85' lang='lat'>2.</span> <span class='ocrx_word' id='word_1_161' title='bbox 677 2088 714 2152; x_wconf 88' lang='lat' dir='ltr'>P.</span> <span class='ocrx_word' id='word_1_162' title='bbox 726 2108 759 2155; x_wconf 90' lang='lat'>2.</span> <span class='ocrx_word' id='word_1_163' title='bbox 773 2107 800 2156; x_wconf 82' lang='lat' dir='ltr'>c.</span> <span class='ocrx_word' id='word_1_164' title='bbox 809 2109 843 2173; x_wconf 90' lang='lat'>9.</span> <span class='ocrx_word' id='word_1_165' title='bbox 862 2082 899 2154; x_wconf 87' lang='lat' dir='ltr'>ad</span> <span class='ocrx_word' id='word_1_166' title='bbox 916 2084 1050 2156; x_wconf 83' lang='lat' dir='ltr'>veritatis</span> <span class='ocrx_word' id='word_1_167' title='bbox 1063 2081 1205 2156; x_wconf 78' lang='lat' dir='ltr'>amull&#39;nn</span> <span class='ocrx_word' id='word_1_168' title='bbox 1220 2109 1295 2154; x_wconf 82' lang='lat' dir='ltr'>exa-</span> 
     </span>
     <span class='ocr_line' id='line_1_20' title="bbox 57 2177 1294 2278; baseline 0.004 -32"><span class='ocrx_word' id='word_1_169' title='bbox 57 2177 162 2252; x_wconf 83' lang='lat' dir='ltr'>minare.</span> <span class='ocrx_word' id='word_1_170' title='bbox 195 2183 269 2254; x_wconf 81' lang='lat' dir='ltr'>Alia</span> <span class='ocrx_word' id='word_1_171' title='bbox 285 2177 408 2278; x_wconf 77' lang='lat' dir='ltr'>insuper</span> <span class='ocrx_word' id='word_1_172' title='bbox 423 2179 573 2252; x_wconf 90' lang='lat' dir='ltr'>nonnulla</span> <span class='ocrx_word' id='word_1_173' title='bbox 587 2181 667 2251; x_wconf 88' lang='lat' dir='ltr'>circa</span> <span class='ocrx_word' id='word_1_174' title='bbox 683 2177 842 2252; x_wconf 86' lang='lat' dir='ltr'>historiam</span> <span class='ocrx_word' id='word_1_175' title='bbox 859 2183 981 2252; x_wconf 87' lang='lat' dir='ltr'>Sacram</span> <span class='ocrx_word' id='word_1_176' title='bbox 999 2179 1093 2273; x_wconf 89' lang='lat' dir='ltr'>paulo</span> <span class='ocrx_word' id='word_1_177' title='bbox 1109 2183 1264 2251; x_wconf 80' lang='lat' dir='ltr'>incautius</span> <span class='ocrx_word' id='word_1_178' title='bbox 1278 2207 1294 2251; x_wconf 81' lang='grc' dir='ltr'>ι</span> 
     </span>
     <span class='ocr_line' id='line_1_21' title="bbox 55 2273 1298 2374; baseline -0.001 -25"><span class='ocrx_word' id='word_1_179' title='bbox 55 2275 161 2374; x_wconf 72' lang='lat' dir='ltr'>largio</span> <span class='ocrx_word' id='word_1_180' title='bbox 174 2275 276 2356; x_wconf 81' lang='lat' dir='ltr'>asserta</span> <span class='ocrx_word' id='word_1_181' title='bbox 291 2275 381 2348; x_wconf 82' lang='lat' dir='ltr'>fimul</span> <span class='ocrx_word' id='word_1_182' title='bbox 397 2273 584 2350; x_wconf 78' lang='lat' dir='ltr'>considerate</span> <span class='ocrx_word' id='word_1_183' title='bbox 600 2273 827 2350; x_wconf 84' lang='lat' dir='ltr'>destinaveram.</span> <span class='ocrx_word' id='word_1_184' title='bbox 878 2277 950 2346; x_wconf 90' lang='lat' dir='ltr'>Nec</span> <span class='ocrx_word' id='word_1_185' title='bbox 966 2273 1133 2362; x_wconf 67' lang='grc' dir='ltr'>παράδοξον</span> <span class='ocrx_word' id='word_1_186' title='bbox 1150 2276 1242 2370; x_wconf 79' lang='lat' dir='ltr'>ipsius</span> <span class='ocrx_word' id='word_1_187' title='bbox 1259 2277 1298 2348; x_wconf 81' lang='lat' dir='ltr'>de</span> 
     </span>
     <span class='ocr_line' id='line_1_22' title="bbox 54 2369 1298 2472; baseline 0.002 -30"><span class='ocrx_word' id='word_1_188' title='bbox 54 2369 292 2449; x_wconf 82' lang='lat' dir='ltr'>Monarchiamm</span> <span class='ocrx_word' id='word_1_189' title='bbox 310 2400 444 2448; x_wconf 84' lang='lat' dir='ltr'>numero</span> <span class='ocrx_word' id='word_1_190' title='bbox 458 2377 664 2472; x_wconf 89' lang='lat' dir='ltr'>opinionem,</span> <span class='ocrx_word' id='word_1_191' title='bbox 690 2400 786 2472; x_wconf 89' lang='lat' dir='ltr'>quarn</span> <span class='ocrx_word' id='word_1_192' title='bbox 799 2378 834 2446; x_wconf 93' lang='lat' dir='ltr'>in</span> <span class='ocrx_word' id='word_1_193' title='bbox 849 2371 1071 2472; x_wconf 87' lang='lat' dir='ltr'>Disputatione</span> <span class='ocrx_word' id='word_1_194' title='bbox 1088 2371 1225 2445; x_wconf 87' lang='lat' dir='ltr'>Haffniae</span> <span class='ocrx_word' id='word_1_195' title='bbox 1242 2372 1298 2445; x_wconf 81' lang='lat' dir='ltr'>lte-</span> 
     </span>
     <span class='ocr_line' id='line_1_23' title="bbox 54 2464 1298 2572; baseline 0.003 -34"><span class='ocrx_word' id='word_1_196' title='bbox 54 2464 107 2541; x_wconf 87' lang='lat' dir='ltr'>bita</span> <span class='ocrx_word' id='word_1_197' title='bbox 128 2471 307 2572; x_wconf 89' lang='lat' dir='ltr'>proposuit,</span> <span class='ocrx_word' id='word_1_198' title='bbox 331 2473 561 2570; x_wconf 81' lang='lat' dir='ltr'>praetermittere</span> <span class='ocrx_word' id='word_1_199' title='bbox 577 2473 693 2568; x_wconf 85' lang='lat' dir='ltr'>volupe</span> <span class='ocrx_word' id='word_1_200' title='bbox 709 2471 789 2544; x_wconf 90' lang='lat' dir='ltr'>mihi</span> <span class='ocrx_word' id='word_1_201' title='bbox 804 2467 911 2542; x_wconf 89' lang='lat' dir='ltr'>fuerat.</span> <span class='ocrx_word' id='word_1_202' title='bbox 961 2469 1023 2542; x_wconf 86' lang='lat' dir='ltr'>Sed</span> <span class='ocrx_word' id='word_1_203' title='bbox 1045 2495 1119 2542; x_wconf 89' lang='lat' dir='ltr'>cum</span> <span class='ocrx_word' id='word_1_204' title='bbox 1140 2475 1175 2542; x_wconf 92' lang='lat' dir='ltr'>in</span> <span class='ocrx_word' id='word_1_205' title='bbox 1196 2471 1298 2542; x_wconf 86' lang='lat' dir='ltr'>multo</span> 
     </span>
     <span class='ocr_line' id='line_1_24' title="bbox 53 2565 1302 2672; baseline 0 -32"><span class='ocrx_word' id='word_1_206' title='bbox 53 2573 186 2662; x_wconf 80' lang='lat' dir='ltr'>nujorcm</span> <span class='ocrx_word' id='word_1_207' title='bbox 204 2570 340 2655; x_wconf 86' lang='lat' dir='ltr'>molem,</span> <span class='ocrx_word' id='word_1_208' title='bbox 366 2594 461 2672; x_wconf 90' lang='lat' dir='ltr'>quarn</span> <span class='ocrx_word' id='word_1_209' title='bbox 478 2569 547 2640; x_wconf 86' lang='lat' dir='ltr'>fore</span> <span class='ocrx_word' id='word_1_210' title='bbox 562 2589 760 2666; x_wconf 72' lang='lat' dir='ltr'>putaveram,</span> <span class='ocrx_word' id='word_1_211' title='bbox 785 2567 849 2649; x_wconf 79' lang='lat' dir='ltr'>haec</span> <span class='ocrx_word' id='word_1_212' title='bbox 861 2565 1005 2650; x_wconf 77' lang='lat' dir='ltr'>Diatrilae</span> <span class='ocrx_word' id='word_1_213' title='bbox 1021 2573 1143 2660; x_wconf 77' lang='lat' dir='ltr'>jamjam</span> <span class='ocrx_word' id='word_1_214' title='bbox 1158 2593 1302 2642; x_wconf 80' lang='lat' dir='ltr'>excreve-</span> 
     </span>
     <span class='ocr_line' id='line_1_25' title="bbox 53 2662 1301 2766; baseline 0.002 -30"><span class='ocrx_word' id='word_1_215' title='bbox 53 2665 109 2736; x_wconf 87' lang='lat' dir='ltr'>rit:</span> <span class='ocrx_word' id='word_1_216' title='bbox 131 2693 203 2740; x_wconf 89' lang='lat' dir='ltr'>cum</span> <span class='ocrx_word' id='word_1_217' title='bbox 221 2670 314 2740; x_wconf 92' lang='lat' dir='ltr'>etiam</span> <span class='ocrx_word' id='word_1_218' title='bbox 337 2663 381 2740; x_wconf 87' lang='lat' dir='ltr'>sat</span> <span class='ocrx_word' id='word_1_219' title='bbox 396 2663 778 2766; x_wconf 65' lang='lat' dir='ltr'>praegnantescaustaliae</span> <span class='ocrx_word' id='word_1_220' title='bbox 794 2666 825 2738; x_wconf 90' lang='lat' dir='ltr'>id</span> <span class='ocrx_word' id='word_1_221' title='bbox 844 2662 894 2738; x_wconf 78' lang='lat' dir='ltr'>nie</span> <span class='ocrx_word' id='word_1_222' title='bbox 911 2663 1181 2762; x_wconf 73' lang='lat' dir='ltr'>impresentiarum</span> <span class='ocrx_word' id='word_1_223' title='bbox 1198 2663 1301 2763; x_wconf 83' lang='lat' dir='ltr'>perse-</span> 
     </span>
     <span class='ocr_line' id='line_1_26' title="bbox 53 2759 1301 2862; baseline 0.003 -30"><span class='ocrx_word' id='word_1_224' title='bbox 53 2763 102 2860; x_wconf 89' lang='lat' dir='ltr'>qui</span> <span class='ocrx_word' id='word_1_225' title='bbox 116 2761 187 2835; x_wconf 86' lang='lat' dir='ltr'>haut</span> <span class='ocrx_word' id='word_1_226' title='bbox 202 2768 372 2862; x_wconf 90' lang='lat' dir='ltr'>patiantur,</span> <span class='ocrx_word' id='word_1_227' title='bbox 397 2767 504 2836; x_wconf 88' lang='lat' dir='ltr'>omnia</span> <span class='ocrx_word' id='word_1_228' title='bbox 520 2789 554 2836; x_wconf 86' lang='lat' dir='ltr'>ea</span> <span class='ocrx_word' id='word_1_229' title='bbox 569 2765 603 2834; x_wconf 93' lang='lat' dir='ltr'>in</span> <span class='ocrx_word' id='word_1_230' title='bbox 617 2764 699 2838; x_wconf 86' lang='lat' dir='ltr'>aliud</span> <span class='ocrx_word' id='word_1_231' title='bbox 715 2785 838 2862; x_wconf 89' lang='lat' dir='ltr'>tempos</span> <span class='ocrx_word' id='word_1_232' title='bbox 855 2759 993 2850; x_wconf 61' lang='lat' dir='ltr'>differre,</span> <span class='ocrx_word' id='word_1_233' title='bbox 1017 2770 1145 2860; x_wconf 75' lang='lat' dir='ltr'>jamque</span> <span class='ocrx_word' id='word_1_234' title='bbox 1163 2767 1301 2860; x_wconf 88' lang='lat' dir='ltr'>receptui</span> 
     </span>
     <span class='ocr_line' id='line_1_27' title="bbox 54 2857 1300 2954; baseline 0.002 -27"><span class='ocrx_word' id='word_1_235' title='bbox 54 2881 168 2947; x_wconf 87' lang='lat' dir='ltr'>canere,</span> <span class='ocrx_word' id='word_1_236' title='bbox 194 2863 349 2934; x_wconf 87' lang='lat' dir='ltr'>necellum</span> <span class='ocrx_word' id='word_1_237' title='bbox 368 2857 478 2934; x_wconf 82' lang='lat' dir='ltr'>habeo.</span> <span class='ocrx_word' id='word_1_238' title='bbox 522 2859 661 2934; x_wconf 80' lang='lat' dir='ltr'>Dabitur</span> <span class='ocrx_word' id='word_1_239' title='bbox 675 2859 777 2948; x_wconf 89' lang='lat' dir='ltr'>forte,</span> <span class='ocrx_word' id='word_1_240' title='bbox 802 2857 965 2935; x_wconf 80' lang='lat' dir='ltr'>fisummo</span> <span class='ocrx_word' id='word_1_241' title='bbox 978 2862 1116 2932; x_wconf 90' lang='lat' dir='ltr'>Numini</span> <span class='ocrx_word' id='word_1_242' title='bbox 1132 2861 1300 2954; x_wconf 86' lang='lat' dir='ltr'>placuerit,</span> 
     </span>
     <span class='ocr_line' id='line_1_28' title="bbox 52 2953 1302 3057; baseline 0 -29"><span class='ocrx_word' id='word_1_243' title='bbox 52 2957 154 3029; x_wconf 81' lang='lat' dir='ltr'>melior</span> <span class='ocrx_word' id='word_1_244' title='bbox 172 2961 356 3057; x_wconf 81' lang='lat' dir='ltr'>propediem</span> <span class='ocrx_word' id='word_1_245' title='bbox 373 2957 598 3048; x_wconf 86' lang='lat' dir='ltr'>commoditas,</span> <span class='ocrx_word' id='word_1_246' title='bbox 608 2983 670 3057; x_wconf 90' lang='lat' dir='ltr'>qua</span> <span class='ocrx_word' id='word_1_247' title='bbox 684 2953 803 3044; x_wconf 82' lang='lat' dir='ltr'>fretus,</span> <span class='ocrx_word' id='word_1_248' title='bbox 817 2983 952 3056; x_wconf 81' lang='lat' dir='ltr'>ca‚quae</span> <span class='ocrx_word' id='word_1_249' title='bbox 968 2961 1028 3047; x_wconf 87' lang='lat' dir='ltr'>jam</span> <span class='ocrx_word' id='word_1_250' title='bbox 1047 2957 1162 3029; x_wconf 91' lang='lat' dir='ltr'>invitus</span> <span class='ocrx_word' id='word_1_251' title='bbox 1178 2963 1302 3054; x_wconf 71' lang='lat' dir='ltr'>preter·</span> 
     </span>
     <span class='ocr_line' id='line_1_29' title="bbox 52 3050 1303 3156; baseline 0.005 -34"><span class='ocrx_word' id='word_1_252' title='bbox 52 3075 102 3142; x_wconf 87' lang='lat' dir='ltr'>eo,</span> <span class='ocrx_word' id='word_1_253' title='bbox 125 3081 162 3128; x_wconf 78' lang='lat' dir='ltr'>ex</span> <span class='ocrx_word' id='word_1_254' title='bbox 179 3079 260 3132; x_wconf 87' lang='lat' dir='ltr'>voto</span> <span class='ocrx_word' id='word_1_255' title='bbox 277 3079 433 3156; x_wconf 84' lang='lat' dir='ltr'>pertexere</span> <span class='ocrx_word' id='word_1_256' title='bbox 450 3082 572 3156; x_wconf 85' lang='lat' dir='ltr'>queam.</span> <span class='ocrx_word' id='word_1_257' title='bbox 611 3059 711 3137; x_wconf 85' lang='lat' dir='ltr'>Nunc</span> <span class='ocrx_word' id='word_1_258' title='bbox 726 3079 854 3133; x_wconf 86' lang='lat' dir='ltr'>manum</span> <span class='ocrx_word' id='word_1_259' title='bbox 868 3055 907 3131; x_wconf 84' lang='lat' dir='ltr'>dt</span> <span class='ocrx_word' id='word_1_260' title='bbox 921 3052 1039 3150; x_wconf 85' lang='lat' dir='ltr'>tabula,</span> <span class='ocrx_word' id='word_1_261' title='bbox 1064 3050 1303 3156; x_wconf 77' lang='lat' dir='ltr'>uesanosquod</span> 
     </span>
     <span class='ocr_line' id='line_1_30' title="bbox 52 3151 678 3254; baseline 0.01 -30"><span class='ocrx_word' id='word_1_262' title='bbox 52 3151 237 3254; x_wconf 83' lang='lat' dir='ltr'>Protogettes</span> <span class='ocrx_word' id='word_1_263' title='bbox 253 3157 286 3230; x_wconf 92' lang='lat' dir='ltr'>in</span> <span class='ocrx_word' id='word_1_264' title='bbox 300 3157 427 3254; x_wconf 71' lang='lat' dir='ltr'>pietur.</span> <span class='ocrx_word' id='word_1_265' title='bbox 676 3194 678 3198; x_wconf 95' lang='lat'>·</span> 
     </span>
    </p>
   </div>
   <div class='ocr_carea' id='block_1_3' title="bbox 0 0 1712 4730">
    <p class='ocr_par' dir='ltr' id='par_1_4' title="bbox 0 0 1712 4730">
     <span class='ocr_line' id='line_1_31' title="bbox 0 0 1712 4730; baseline 0 6"><span class='ocrx_word' id='word_1_266' title='bbox 0 0 1712 4730; x_wconf 95' lang='lat' dir='ltr'> </span> 
     </span>
    </p>
   </div>
  </div>
 </body>
</html>
