3658 4728
405 226 490 332 '292
526 301 527 306 a
578 215 781 326 sonan.
812 207 1185 294 Wnnonurrtr
1214 205 1519 289 ulamma

407 357 605 432 erubesceret
640 361 731 432 Nam
743 360 787 436 ita
797 351 917 430 aduersa
932 351 1037 427 fronte
1054 350 1169 426 Ιποηιιη
1184 349 1569 442 assertioluculentilsnna,
1586 356 1678 454 quod

304 491 308 500 ·
411 455 732 530 Christustertiodie
750 453 936 538 surrexerit,
960 476 1033 524 cum
1049 455 1115 522 Lan
1139 453 1211 524 iano
1225 450 1397 549 dogmate,
1422 451 1511 546 quod
1528 476 1593 522 non
1611 473 1677 526 tet..

408 557 473 638 tio,
499 552 549 625 sed
570 575 682 652 qrrarto
707 553 756 623 die
775 546 963 623 resuscitatus
988 547 1025 620 fit
1041 476 1212 635 Chrllus,
1236 567 1383 644 pugnat,
1409 567 1445 618 ut
1460 553 1676 626 autumate«

408 677 497 735 rem,
513 649 681 746 Angelum
692 674 726 720 ac
743 645 935 744 Apostolos,
949 671 1001 716 aut
1017 649 1175 744 Langium
1192 642 1301 716 sallum
1319 643 1577 740 dicereoporrear.
1597 653 1676 720 imo

409 745 433 818 sr
448 750 495 819 vel
512 749 599 818 aliter
614 743 806 818 assertionem
823 745 936 842 Langii
949 745 1055 815 animo
1068 745 1265 838 conceperis,
1290 766 1357 812 non
1372 744 1477 814 minus
1492 762 1673 819 tarneneam

407 841 502 914 effiro
524 843 642 916 Christi
663 843 814 913 obluelari
838 839 1055 937 deprehendes,
1107 842 1188 912 Dies
1201 841 1372 936 nosterque
1389 863 1483 908 morat
1503 837 1620 912 Christi
1635 847 1671 916 in

406 937 549 1036 sepulcro
573 945 613 1012 its
633 961 774 1012 numerat
790 943 927 1035 Langius
939 960 972 1038 p.
981 945 1076 1104 (183.
1102 934 1317 1008 utCltristtrnr
1341 939 1428 1008 tertia
1443 938 1562 1022 noete,
1587 963 1674 1035 qua-r

407 1058 497 1108 tenus
514 1037 576 1118 diei
592 1039 720 1110 naturali
734 1037 922 1132 opponitur,
947 1059 979 1105 re
993 1030 1132 1106 urrexisse
1147 1033 1266 1106 statuat.
1317 1039 1366 1104 At
1380 1038 1521 1104 Servaror
1529 1059 1596 1104 non
1604 1058 1675 1104 tar-1

405 1141 454 1204 ria
470 1137 574 1222 nolle,
598 1134 750 1206 sedterttt
767 1141 819 1202 die
834 1129 1040 1204 suscitandum
1053 1127 1083 1201 se
1096 1129 1160 1202 esse
1169 1131 1293 1204 dixerat.
1342 1137 1414 1202 Aut
1429 1155 1504 1202 vero
1519 1131 1603 1202 diem
1620 1136 1668 1204 ci-

351 1307 370 1326 l
404 1233 686 1331 vilemrintelligit,
710 1251 763 1300 aut
777 1229 955 1300 naturalem.
1005 1231 1098 1302 Prius
1109 1227 1232 1324 prorsus
1247 1228 1386 1323 repudiat
1402 1231 1549 1324 Langius.
1601 1238 1668 1304 Po·

404 1323 512 1400 sterius
530 1354 661 1428 quoque
672 1329 789 1417 rejicit,
814 1327 967 1398 dumata
985 1325 1049 1396 dies
1066 1326 1217 1397 naturales
1232 1321 1379 1400 effluxisse
1394 1345 1465 1396 ante
1482 1325 1600 1398 Christi
1615 1354 1670 1406 re-‚

401 1423 624 1498 sutrcsiionem
640 1478 651 1512 ,
676 1433 710 1496 δι
735 1425 824 1496 tertia
846 1425 975 1496 demum
987 1425 1080 1494 noete
1096 1421 1199 1494 ferne.
1210 1423 1313 1518 elapsa
1325 1421 1405 1492 hauc
1422 1420 1583 1519 contigisse
1599 1429 1667 1498 eri-

403 1518 515 1606 stimat.
566 1531 615 1596 At
631 1521 693 1592 ubi
702 1524 735 1592 in
753 1541 818 1592 tota
831 1523 986 1617 Scriptura
1000 1521 1068 1589 din
1081 1515 1319 1615 spatiumillud,
1344 1517 1669 1617 quo-Solsubterho-

403 1620 556 1690 rizontem
571 1620 635 1706 est,
661 1642 811 1717 quatenus
827 1618 889 1689 diei
904 1620 1033 1688 naturali
1049 1613 1373 1714 contradistinguitur,
1398 1613 1556 1784 despgnat?
1582 1623 1665 1712 Quis

339 1762 342 1768 -
401 1715 560 1813 Langium
588 1719 722 1804 docuit,
746 1715 830 1788 diem
852 1718 886 1784 in
900 1718 1026 1796 nossem
1042 1717 1089 1784 uti
1106 1719 1349 1784 transmutaret?
1373 1709 1448 1782 Fefe
1474 1709 1522 1782 'sse
1538 1739 1665 1812 oportet

401 1812 583 1900 Christum,
610 1817 749 1914 quinon
767 1814 876 1896 tertio,
903 1816 951 1882 uti
966 1812 1100 1895 dixerat,
1124 1809 1193 1897 die,
1218 1831 1271 1880 aut
1287 1810 1372 1882 civili
1388 1831 1441 1880 aut
1457 1811 1662 1897 naturali,sed

397 1913 488 1980 tertia
501 1913 593 1984 nodie
611 1914 673 1984 diei
686 1907 828 2006 oppnsrta
848 1932 982 1982 mortem
996 1908 1149 2006 surgendo
1164 1907 1288 1980 devicit
1339 1906 1428 1997 Quid
1441 1905 1485 1976 est
1499 1911 1663 2006 Scriptura.

399 2008 434 2078 in
449 2009 734 2090 os-eontradicere,
756 2004 780 2075 st
796 2005 857 2076 hoc
874 2031 943 2078 non
956 2003 1022 2076 esti
1048 2003 1143 2076 Absit
1158 2031 1175 2075 a
1192 2003 1285 2078 nobis
1301 2024 1384 2076 tants
1396 2006 1556 2100 inpietas,

497 2104 945 2199 qurraliurJrrtrenessanfii
958 2103 1084 2172 docuere
1102 2108 1261 2174 Parrum,
1548 2147 1556 2162 ι

396 2199 456 2272 Sed
480 2202 734 2300 quandoquidem
762 2205 898 2298 Langius
915 2202 1060 2298 neglesto
1074 2197 1236 2270 Ebraisrno
1252 2201 1357 2270 samri
1381 2198 1429 2270 ide
1446 2199 1489 2270 sin
1514 2199 1582 2272 ulos
1596 2203 1665 2278 loci

386 2293 483 2368 'iliius
501 2300 624 2370 Matrh.
644 2303 715 2376 XII
722 2351 732 2384 ,
749 2323 806 2392 40.
831 2302 932 2394 apices
949 2317 1110 2395 torqueat,
1137 2321 1324 2394 magnopere
1341 2225 1380 2368 as
1396 2321 1436 2365 eo
1452 2224 1564 2370 dissere
1580 2299 1658 2374 dest·

396 2395 490 2482 dero‚
516 2397 684 2494 quomodo
700 2398 755 2464 alia
772 2398 957 2482 Servatoris,
973 2395 1082 2466 itidem
1096 2393 1134 2464 de
1150 2417 1251 2465 morte
1267 2401 1300 2465 δι
1316 2389 1534 2466 resurreetione
1550 2393 1658 2470 sualo-

395 2493 461 2562 cuti
475 2543 498 2576 ,,,
512 2493 606 2564 verbs
622 2491 685 2564 sane
710 2489 862 2566 Ebraifini
885 2517 948 2588 ope
971 2495 1120 2588 explicare
1145 2492 1250 2564 velit?
1275 2493 1367 2572 Dicit
1384 2487 1527 2562 Christus
1546 2499 1655 2568 Marc.

393 2593 507 2672 Vrlr,
538 2615 591 2684 31·
610 2587 698 2685 quod
724 2609 867 2683 oporteat
887 2586 921 2660 se
940 2587 997 2673 pis)
1021 2605 1102 2676 τρεῖς.
1119 2591 1231 2682 ἡμέρας
1254 2593 1411 2666 dracmas
1462 2591 1494 2658 Si
1520 2592 1659 2686 quisbie

392 2686 551 2778 Langium
569 2687 709 2758 imitatus
722 2686 886 2782 ttagtedias
904 2707 1075 2769 moveret,
1093 2708 1128 2754 ac
1142 2707 1282 2784 urgeret,
1292 2685 1379 2783 quod
1394 2683 1544 2756 illudnon
1553 2687 1655 2781 possit.

393 2781 455 2854 dici
471 2779 548 2875 post.
560 2803 619 2854 tres
634 2781 698 2852 dies
714 2778 850 2866 sudeam,
864 2781 951 2879 quod
968 2805 1033 2854 non
1050 2778 1264 2870 tribusdiebus
1271 2783 1397 2880 integris
1405 2783 1656 2858 denum-exodia

391 2879 545 2974 contigit,
570 2905 606 2950 ac
623 2876 769 2950 Christus
783 2899 943 2974 propterea
957 2904 1025 2948 non
1041 2882 1178 2974 potuerit
1194 2880 1243 2952 die
1261 2881 1360 2963 Solis,
1376 2873 1428 2948 seu
1445 2874 1519 2950 feria
1555 2882 1659 2971 rima,

390 2971 563 3072 resurgere,
588 2971 735 3048 nisrsetia
752 2999 877 3073 quarta,
894 2973 947 3046 seu
962 2976 1011 3047 die
1031 2978 1203 3062 Mercurii,
1220 2973 1318 3072 passus
1332 2999 1367 3046 ac
1381 2997 1523 3046 mortuus
1531 2905 1661 3070 suisset„

389 3071 467 3170 quid
480 3071 687 3170 responsurus.
693 3069 765 3146 effer
781 3075 948 3188 Langiusl.
963 3074 996 3144 Si
1009 3097 1212 3145 communem
1229 3071 1453 3169 praepositionis
1469 3076 1518 3158 pff,
1531 3071 1653 3172 signifi-

384 3193 712 3342 illinistis
725 3173 839 3340 slas
857 3169 1535 3362 lislllflssllllssllffi
1542 3175 1656 3342 'sill

384 3363 449 3436 dies
465 3367 631 3452 naturales,
657 3367 784 3461 inquiet
794 3367 870 3450 ille,
891 3366 1041 3462 intelligas
1057 3417 1068 3450 ‚
1094 3367 1163 3434 illos
1178 3367 1316 3461 integros
1330 3362 1388 3434 esse
1402 3385 1529 3458 oportet
1544 3395 1554 3451 3
1579 3365 1656 3438 atsa

383 3461 435 3534 vel
446 3457 498 3528 ‘die
512 3457 605 3548 Jovis
622 3457 696 3532 feria
710 3465 826 3557 quinta
835 3458 1027 3557 paisumresse
1044 3458 1207 3532 Christum
1219 3469 1300 3551 ajas,
1316 3461 1649 3552 nontamennisrdtror

382 3553 498 3635 soldos
515 3555 579 3628 dies
595 3563 628 3631 δι
645 3559 827 3653 particulam
844 3560 945 3646 tertii,
959 3559 1283 3655 duasnempehoras,
1308 3555 1414 3630 afferre
1437 3561 1567 3654 poteris.
1593 3564 1656 3636 sin

383 3678 487 3732 autern
502 3653 541 3724 de
556 3649 665 3725 diebus
678 3650 821 3726 civilibus
839 3651 891 3726 scu
906 3662 1108 3750 ινχθημέςοις
1123 3658 1278 3754 accipias,
1303 3679 1406 3754 neque
1425 3661 1482 3728 tria
1498 3657 1567 3728 talia
1580 3656 1654 3755 spa·

382 3755 427 3826 tia
441 3757 559 3849 integra
574 3759 608 3822 ἃ
624 3752 778 3849 completa
792 3750 896 3840 dabis,
914 3751 970 3824 nist
986 3750 1062 3827 fen'a
1077 3776 1183 3852 quarta
1197 3752 1249 3826 seu
1265 3755 1475 3827 dieMercutii
1484 3777 1647 3830 mortuum

380 3851 574 3928 &namen
582 3843 704 3928 asseras.
725 3849 794 3926 Hic
810 3843 879 3928 suae
889 3875 968 3954 aqua
986 3847 1045 3930 tibi
1056 3847 1200 3948 bzttbit,
1217 3854 1268 3934 mi
1279 3853 1405 3954 Langi,
1417 3849 1480 3942 nist
1490 3847 1650 3964 Ebrar'lipi

1818 1648 1824 1992 l

1739 2349 1748 2362 ·
