3580 4736
280 201 677 285 Helinium
730 201 1146 292 Couurunrr
1302 207 1375 314 165
1449 229 1451 232 ·

102 341 156 414 vul
171 366 209 413 ex
226 367 272 412 eo
284 363 426 438 apparet,
452 340 541 439 quod
558 343 593 412 in
608 337 790 440 fingmentis
805 345 885 442 apud
904 343 1055 417 Photium
1075 343 1206 432 scribat,
1233 346 1380 419 Sardana-

108 437 221 534 pallum
232 439 272 510 ab
289 441 358 510 aliis
370 439 633 523 Amoueamus,
650 440 692 508 ab
706 441 773 512 aliis
789 440 980 514 Anabarraris
996 440 1098 514 filium
1116 441 1240 515 censeri.

156 534 261 633 Julius
276 531 461 620 Africanus,
478 561 547 632 quae
562 535 648 606 dedit
670 541 816 623 nomina,
828 565 909 610 nuru
923 539 1028 610 eadem
1045 537 1103 610 srnt
1120 567 1194 611 curn
1212 534 1377 621 Ctesracis,

111 633 197 704 haud
208 635 359 704 dixerim:
385 634 452 702 imo
467 629 639 702 verolimile
655 631 718 718 est,
738 637 796 704 elle
812 633 927 706 diversa
943 633 1112 730 &prorsus
1129 639 1196 708 alia.
1220 640 1327 706 Totos
1344 660 1379 704 e·
1481 682 1484 690 ·

110 731 179 802 uim
195 731 340 802 undecim
358 754 446 828 reges
463 751 604 800 numerat
622 731 673 799 ille
688 754 795 826 praeter
817 731 963 803 Ctesram.
1017 735 1140 804 Primus
1157 758 1256 829 porro
1274 733 1319 800 illi
1335 727 1380 800 est

115 828 230 911 Belus,
253 828 293 899 de
310 851 379 923 quo
394 823 473 896 nihil
492 823 630 912 Ctesias,
657 829 785 898 ultimus
800 830 923 900 Mones
940 832 1142 916 concoleros,
1158 831 1246 927 quod
1262 853 1380 898 nomen

114 947 192 994 cum
206 923 397 1020 Sardanapali
412 947 491 995 voce
507 921 585 992 nihil
599 948 769 995 commune
782 924 886 996 habet.

160 1023 212 1092 Ex
229 1020 317 1118 Julio
335 1015 491 1090 Africano
505 1016 558 1090 sua
565 1017 806 1117 desumpsit,sed
814 1047 853 1093 ex
861 1025 989 1121 ingenio
998 1021 1378 1119 interpolnta,Eulebius;

114 1117 223 1190 exhoc
234 1112 987 1215 Joeuandusaliiquedesctipl'erunt,librariorum
996 1123 1196 1216 tameneulpa
1206 1121 1376 1216 plurimum

114 1237 233 1290 mutata
253 1222 288 1286 δι
306 1211 422 1286 deflexa
446 1215 479 1285 in
504 1208 628 1310 prorsus
656 1214 722 1285 alin
779 1216 880 1290 Unde
911 1242 986 1292 vero
1008 1220 1158 1316 acceperit
1179 1213 1376 1302 Africanus,

112 1315 196 1386 latet
788 1315 792 1322 “
875 1318 877 1322 ’
1412 1372 1417 1382 .

163 1410 203 1482 ld
215 1411 407 1495 notarrdum,
433 1433 499 1480 non
515 1432 657 1506 apparere
673 1409 730 1478 illo
738 1411 771 1480 in
778 1411 919 1509 catalogo
926 1413 1055 1482 nomina
1063 1409 1258 1506 Affyriorum
1266 1435 1377 1508 regum

114 1511 213 1580 Sacris
227 1511 322 1580 literis
340 1527 518 1579 memorata
552 1507 596 1576 Et
610 1527 713 1576 tamen
731 1529 821 1578 tanen
836 1511 914 1579 olim
932 1505 1019 1578 fuere
1034 1505 1136 1579 isthaec
1153 1505 1259 1595 fania,
1270 1509 1380 1579 utSal-

114 1604 288 1678 uunaffaris
303 1631 421 1676 nomen
437 1607 472 1674 in
486 1605 661 1697 Tyriorum
677 1603 838 1676 urnalibus
854 1627 941 1677 aetate
955 1603 1083 1704 josephi
1099 1600 1197 1677 fuerit
1209 1601 1377 1701 superstes,

115 1701 339 1874 {ocurraebnibi
353 1701 510 1801 hodieque
518 1723 556 1770 er
564 1697 754 1774 sacerdotum
763 1707 987 1801 AEgyptiorum
994 1703 1165 1798 angelico
1175 1705 1257 1802 apud
1267 1705 1377 1773 Hern-

165 1821 233 1871 tum
299 1821 423 1872 erratrir.

168 1895 221 1970 Ut
236 1825 332 1968 fractior
346 1893 435 1996 quod
449 1892 567 1980 sentio,
577 1921 686 1994 regum
702 1897 829 1968 illorum
845 1921 922 1968 curn
937 1901 1162 1985 nominamini
1177 1899 1250 1970 anni
1265 1899 1380 1970 incerta

115 1994 288 2068 admodum
303 1992 364 2067 fide
381 1994 524 2068 videntur
539 1993 597 2062 niti
606 1996 692 2080 3imo
709 1993 844 2065 confie'ta
859 1998 966 2089 potius
974 1997 1119 2070 videntur
1128 2048 1138 2079 ,
1147 2019 1381 2094 quamveraae-

115 2115 207 2188 cepta
219 2091 393 2164 traditione.
442 2091 550 2160 Saltim
562 2092 648 2160 enirn
663 2091 701 2160 ali
726 2091 792 2163 uod
806 2093 840 2161 in
854 2093 891 2160 iis
905 2088 1067 2190 vestigium
1083 2095 1267 2188 repensetur
1276 2093 1384 2163 norni-

1 2209 2 2212 ’
120 2215 200 2262 uum
217 2192 251 2258 in
267 2192 365 2260 Sacris
379 2187 585 2260 laudatorum.
634 2115 742 2277 Quid,
752 2187 840 2286 quod
857 2183 990 2258 foroffis
1006 2191 1090 2259 Nini
1105 2213 1222 2259 nomen
1229 2187 1385 2260 deflexum

116 2285 155 2358 lit
176 2314 214 2358 er
231 2286 392 2374 Nimrod‚
417 2282 558 2381 adeoque
582 2286 617 2354 in
631 2309 741 2380 regum
758 2281 953 2379 Assyriorum
970 2309 1137 2356 numerum
1162 2281 1301 2356 detrusus
1328 2309 1382 2355 rex

115 2383 386 2482 Babyloniorum?
414 2382 509 2452 Certe
525 2381 635 2464 Belus,
662 2405 758 2478 quem
775 2384 879 2476 primo
894 2381 970 2452 loeo
985 2379 1077 2452 habet
1085 2377 1272 2466 Africanus,
1283 2379 1383 2452 Chol·

116 2481 219 2554 datum
237 2505 355 2552 numen
368 2477 427 2550 est:
453 2501 532 2547 num
549 2482 582 2546 &
600 2473 760 2573 Allyriunr
776 2473 886 2563 fiterit,
913 2480 1027 2550 merito
1044 2476 1176 2551 dubites.
1225 2485 1303 2550 ltaa
1327 2483 1384 2550 Se-

118 2579 280 2650 miramide
311 2573 466 2672 Allyriaca
490 2569 606 2644 femina
632 2571 839 2646 construdlarn
861 2571 918 2646 elle
942 2573 1161 2672 Babylonem,
1195 2574 1326 2648 Berolus
1349 2580 1384 2650 iu

122 2675 296 2748 Chaldaicis
308 2679 369 2764 jam
385 2674 463 2746 olim
480 2671 625 2767 negavit,
648 2665 722 2740 telle
735 2666 874 2767 Joseplro
890 2675 914 2742 l.
928 2692 1070 2744 mantra
1086 2676 1263 2772 Apionem,
1273 2672 1384 2744 Philo·

116 2779 168 2848 nia
180 2771 283 2868 Byblii
296 2777 330 2842 δι
347 2767 505 2842 Dorothei
521 2763 1027 2842 Sidonii'tellimnuiisconfirtavit
1043 2769 1127 2842 idem
1165 2771 1247 2842 ulius
1270 2771 1386 2844 Firmi-

116 2899 186 2944 cus.
236 2871 289 2941 Ut
303 2867 435 2964 proinde
453 2872 485 2936 δι
503 2859 659 2958 Assyriaea
674 2859 791 2940 femina
807 2863 844 2944 fit
860 2890 1021 2966 perperam
1038 2867 1076 2942 de
1172 2869 1268 2942 intes
1286 2863 1398 2940 Chal-s

116 2971 268 3046 duorum.
319 2963 383 3040 Sed,
394 2963 433 3040 de
448 2960 494 3036 his
508 2957 588 3036 satis.

560 3159 806 3246 Crono
861 3159 941 3244 IX.

202 3315 301 3439 Qu
323 3315 373 3400 de
392 3313 625 3428 temporibus
645 3315 733 3399 olim
745 3310 948 3439 Balylonii
967 3307 1175 3396 docuerunt
1186 3369 1200 3411 ,
1228 3328 1301 3397 aur

496 3425 609 3536 falsti
631 3429 720 3528 effe,
737 3441 807 3508 aut
828 3439 989 3508 incerta.

199 3635 439 3736 Etemporibus
452 3633 514 3707 suis
530 3633 588 3735 ipsr
603 3635 684 3706 olim
696 3629 862 3729 Babylonii
877 3657 943 3704 non
960 3633 1247 3706 idemtradidemnt.
1296 3629 1384 3700 Dio-

223 3739 321 3810 dortu
339 3735 461 3806 Siculus
473 3736 496 3803 l.
515 3737 558 3804 ll.
582 3757 607 3804 c.
621 3725 808 3831 31.scribit:
835 3727 1045 3802 chaldeorum
1061 3733 1219 3826 collegium
1234 3726 1278 3798 ad
1295 3749 1386 3822 caepev

113 3834 266 3912 aaronem
282 3829 473 3910 Alexandri
488 3830 523 3902 ln
542 3829 660 3928 ’ΛΜ
678 3825 906 3999 quadrupli}
928 3843 976 4022 ἴ
993 3829 1187 3929 septuaginta
1202 3825 1261 3900 duo
1276 3830 1387 3997 πέζις
