3628 4724
406 208 492 324 556
646 155 1424 308 ·A.R·1v1uusnquJuurs,

456 352 519 420 VI.
544 347 674 422 Inde&
701 375 775 422 cum
800 351 909 448 primis
932 375 998 419 eu.
1016 373 1042 439 ς.
1066 349 1103 422 ad
1125 349 1255 421 oculum
1271 372 1372 446 patet,
1397 343 1484 444 quod
1497 343 1530 416 hi
1548 347 1678 416 Fourrs

409 439 603 536 forrum
618 446 753 520 honores
771 452 903 518 maxime
911 451 1035 542 proprie
1042 447 1171 541 decurfie
1179 445 1410 517 Tiberiaadieti
1417 441 1549 529 fuerint,
1577 463 1678 539 quan·

410 536 453 612 do
480 563 559 612 terra
578 543 740 641 fluvioque
771 546 881 639 pariter
895 545 1026 639 pedibus
1042 542 1207 638 &cymbis
1223 546 1377 614 coronatis
1393 563 1513 612 tautum
1529 563 1599 610 non
1614 553 1679 608 tota

410 639 517 708 civitas
538 638 574 710 ad
603 637 711 711 fanum
735 638 813 712 istud
833 641 1028 726 decurreret,
1061 647 1095 710 &
1117 637 1292 736 promiscue
1314 639 1457 710 convivia
1473 639 1618 734 agitaret,
1644 643 1678 704 δι

410 735 491 804 nihil
509 760 574 804 non
590 735 783 808 licentiffime
798 745 831 808 δι
846 731 1036 810 lasciviffime
1050 735 1252 834 presumeret.
1300 736 1423 807 Exinde
1437 742 1498 823 jam
1518 733 1572 804 Μ.
1592 733 1679 803 Tul-

386 895 392 905 .
412 825 491 902 lium
505 835 527 900 l.
538 832 616 903 ude
630 832 760 906 Finibus
768 858 843 932 pag.
866 843 941 926 15‘3.
958 837 1070 904 rcuius
1085 833 1320 930 licebitcapere,
1345 830 1544 903 cumlcribit:
1571 831 1678 921 Quem

413 926 565 1019 (deditum
586 929 809 1024 uoluptatibus,
834 932 1093 1028 cupiditatumque
1108 931 1258 1002 incendiis
1272 932 1511 1027 inflammatum)
1527 927 1678 996 ‘Tiberina

411 1025 543 1118 aeeurfio
551 1026 627 1118 festo
642 1033 693 1096 illo
711 1031 827 1108 (Fortis
842 1027 956 1100 seilicet
967 1031 1127 1114 Fortunat)
1145 1025 1201 1098 die
1212 1047 1297 1097 tante
1306 1027 1423 1124 gaudie
1437 1025 1676 1120 effingeretur

413 1123 450 1189 L.
480 1126 643 1209 Paullum,
668 1149 738 1192 cum
759 1130 865 1222 Regem
890 1131 994 1217 Persen
1006 1146 1128 1222 captum
1147 1123 1307 1196 adduceret
1325 1121 1427 1193 eedem
1435 1124 1571 1218 flumine
1586 1128 1678 1190 inue-

412 1217 502 1286 llum.
554 1218 726 1293 Historiam
751 1223 834 1292 illam
857 1219 897 1292 stc
913 1221 958 1292 ob
974 1223 1084 1292 oculos
1100 1218 1309 1317 nobisposuit
1324 1223 1395 1291 Tit.
1409 1221 1519 1290 Livius
1534 1216 1679 1288 libum.

413 1315 534 1405 Perseus
550 1319 608 1414 ipse
618 1318 683 1416 pest
694 1341 809 1416 paucos
822 1319 1003 1413 dier.liegia
1017 1343 1099 1388 aava
1113 1325 1243 1416 ingentis
1250 1319 1492 1416 magnitudinis,
1502 1341 1596 1412 quam
1604 1339 1677 1386 xvr.

290 1419 295 1430 '
411 1411 514 1503 verfirs
539 1439 688 1484 ramerum
705 1412 851 1511 agebant,
876 1436 985 1486 ornata
999 1416 1218 1486 Macedonicis
1226 1417 1333 1515 spoliis
1348 1439 1407 1484 uon
1422 1415 1585 1512 infigeium
1603 1437 1678 1481 raa-

413 1527 479 1577 tum
503 1535 676 1596 armorum,
694 1507 749 1603 sed
775 1519 869 1590 etiam
896 1519 1051 1613 regionam
1062 1515 1219 1586 textilium
1237 1513 1362 1604 adverso
1377 1509 1484 1584 ‘liberi
1499 1509 1544 1582 ad
1559 1509 1678 1578 vrbem

411 1603 453 1698 est
459 1603 638 1699 firlveliru,
662 1612 816 1704 completis
830 1615 909 1709 ripis
925 1611 1049 1682 obviare
1064 1609 1151 1707 effusa
1166 1609 1374 1681 multitudine.
1398 1609 1524 1706 Exque
1538 1603 1678 1702 ipsacot-

414 1699 527 1773 latione
543 1703 579 1774 fit
596 1703 815 1790 murifestum,
840 1729 955 1803 quanta
970 1709 1080 1803 populi
1090 1706 1164 1779 undi
1189 1731 1290 1802 uaque
1303 1729 1521 1777 concurrentes
1528 1701 1680 1799 frequen·

411 1800 472 1882 tia,
498 1824 681 1900 quantoque
707 1801 835 1898 strepitu
858 1803 1034 1896 hujusmodi
1056 1804 1147 1876 ludus
1166 1729 1263 1874 luerit
1277 1802 1427 1899 spel'ertus
1444 1800 1678 1888 uectabatur,

414 1915 477 1965 tum
494 1897 680 1988 decursronis
695 1898 805 1988 hujus,
830 1927 925 1997 quam
941 1904 1033 1972 etiarn
1047 1904 1205 1990 Mrjurrrae.
1256 1901 1355 1990 Quod
1369 1925 1471 1970 tamen
1486 1893 1679 1970 fiustrafue-

413 1995 477 2062 rint
501 2001 533 2063 &
556 1996 698 2077 Aleiatus
722 1999 746 2067 l.
759 2004 811 2070 cit.
826 2001 887 2070 l.v.
907 2005 1033 2093 Pararg.
1055 2023 1128 2068 cum
1146 2000 1187 2066 ita
1201 1994 1333 2091 scriplrt:
1359 1997 1505 2088 Indieaffe
1521 1993 1573 2063 lric
1588 2001 1679 2064 Cice·

411 2113 516 2158 renem
531 2089 621 2160 dubie
633 2098 740 2181 procul
759 2099 968 2190 Majumam,'
988 2120 1048 2188 que
1063 2091 1230 2182 decurfieue
1244 2091 1391 2164 Tiberina
1402 2091 1627 2162 celebrabatur:
1642 2100 1678 2163 &

412 2181 514 2260 Dion.
545 2213 674 2286 quoque
698 2188 919 2264 Gothofrcdus
934 2191 970 2262 ad
989 2193 1060 2261 Cic.
1076 2195 1109 2262 in
1125 2194 1256 2286 margin.
1276 2193 1410 2283 Ferraffe
1424 2193 1480 2260 leuc
1493 2195 1677 2260 eeuvmium

408 2285 565 2377 piscatorii
587 2289 676 2376 ludi,
701 2311 827 2382 querum
846 2291 983 2357 meminit
1007 2288 1129 2376 Festus,
1154 2307 1207 2354 aut
1234 2287 1403 2382 Murena,
1428 2291 1513 2378 cujus
1536 2293 1678 2357 meminit

412 2381 527 2450 Suidas
551 2400 598 2454 (γ’
610 2388 676 2455 Tit.
692 2385 765 2454 Ceri.
781 2383 819 2451 dr
837 2391 998 2480 Majuma.
1024 2381 1141 2454 Affinis
1159 2383 1287 2478 quidem
1300 2403 1431 2478 uterque
1444 2391 1476 2453 δι
1495 2379 1679 2478 piscatorius

408 2483 447 2642 ltu
462 2479 616 2568 Majunrae·
626 2481 716 2552 ludus
731 2533 742 2566 ,
766 2477 817 2552 scd
835 2503 943 2554 neuter
957 2501 1059 2554 remen
1073 2480 1155 2552 idem
1172 2503 1244 2551 curn
1258 2477 1436 2554 decurione
1450 2479 1506 2552 hac
1521 2479 1558 2550 ad
1574 2481 1677 2551 Fortis

428 2575 555 2646 'ortunae
569 2574 638 2649 fuit.
1321 2624 1323 2632 ‹

461 2674 540 2744 VH.
564 2675 756 2747 Rudirnente
780 2697 884 2748 tamen
900 2677 964 2752 haec
979 2679 1086 2748 omnia
1101 2678 1328 2779 qualiacunque
1345 2671 1491 2770 Mrjuma
1503 2699 1574 2746 turn
1589 2701 1675 2747 non·

412 2765 488 2836 dum
506 2770 587 2863 apud
603 2774 732 2843 Latinos
746 2771 928 2862 existentes
943 2777 1057 2846 Romae
1073 2773 1218 2860 fuerunt,
1243 2777 1294 2849 sed
1309 2780 1410 2848 multo
1425 2775 1525 2870 magis
1539 2776 1676 2844 maxima

412 2861 467 2934 iste
490 2863 645 2940 Celerum
661 2867 847 2966 speltarum,
873 2898 942 2970 que
959 2873 1056 2944 indies
1072 2877 1169 2960 majus
1193 2872 1676 2972 majusqueuuxerantaugmen-

413 2983 500 3050 turn,
525 2962 626 3036 donec
651 2967 687 3039 ad
710 2963 867 3040 summurn
882 2967 953 3041 esset
967 2989 1150 3064 perventum
1165 2977 1199 3041 &
1213 2973 1428 3068 precipitium.
1476 2971 1562 3041 Leve
1576 2965 1676 3039 adhuc

413 3058 540 3130 initium
554 3059 611 3132 effe
624 3064 775 3154 judicatur
791 3065 823 3135 in
835 3067 891 3144 illo
904 3064 1165 3162 Amphitheatro,
1190 3069 1277 3165 quod
1292 3071 1368 3139 mari
1386 3069 1613 3162 viduumne,
1638 3066 1678 3138 de

413 3179 482 3249 quo
496 3158 676 3328 Pffhitheus
692 3161 768 3236 illud
778 3163 980 3262 Epigramma
994 3181 1083 3240 vetur
1098 3163 1132 3234 in
1146 3166 1309 3262 Farragine
1324 3161 1435 3240 suarii.
1448 3187 1476 3237 2.
1485 3185 1552 3262 cap.
1567 3185 1597 3260 5.
1602 3185 1681 3264 pag.

413 3261 446 3322 6.
485 3277 535 3326 rot
571 3259 601 3328 't.
1012 3277 1014 3284 ·
1451 3299 1455 3313 ι

464 3278 484 3348 p
556 3356 851 3454 Amphitheatrales
868 3365 1108 3434 mitaetmrera
1121 3361 1307 3460 triumphes,

608 3459 650 3520 Et
665 3480 768 3526 nemus
783 3459 911 3552 infigues
924 3466 1023 3528 cernit
1038 3459 1130 3550 adeffe
1140 3463 1247 3552 feras3

555 3548 674 3644 Spellat
690 3553 809 3622 arande
824 3578 919 3624 noves
934 3555 1058 3654 agrariis
1068 3555 1158 3626 turba
1174 3555 1310 3642 laboret,

610 3648 778 3743 Nautaque
792 3649 830 3720 de
840 3654 948 3750 pelago
957 3653 1077 3748 gaudia
1093 3653 1184 3748 mista
1198 3654 1297 3724 vuer.

555 3742 722 3812 Facundus
739 3747 786 3813 nil
793 3747 898 3847 perdit
913 3773 1006 3846 ager,
1027 3751 1100 3846 plus
1109 3757 1253 3844 germina
1267 3751 1417 3848 cresunt,

606 3843 694 3914 Dum
712 3862 848 3954 metuunt
863 3869 965 3920 omues
980 3847 1030 3918 lrir
1037 3848 1095 3939 ssra
1101 3849 1179 3942 fata
1187 3849 1273 3947 lm!
