3658 4728
397 189 1197 281 Histonrco-Tnno‘nootcr.
1346 225 1430 316 329

126 335 353 436 „silvatln’p‘lru
371 337 565 426 eonslituto,
590 341 670 410 mox'
682 337 758 427 inde
773 363 894 412 annum
910 365 945 412 ac
961 336 1098 412 mmsem
1108 347 1211 414 mone
1228 339 1349 414 Cbrilii
1366 347 1430 418 cla-

148 463 206 512 ros
216 439 368 538 colligere
381 439 489 510 nonar-i
506 433 586 508 sum.
623 437 714 532 Cpm
729 461 805 510 vero
822 461 882 506 nos
898 435 986 508 illam
1005 440 1118 536 Langii
1134 435 1335 536 hypothefin‚
1361 468 1424 541 qua

148 533 425 706 sspmrimndpnimam
441 531 589 631 passionis
605 531 808 616 elnrab'terem
818 536 937 630 ponit,
963 531 1067 608 fallam
1083 561 1118 608 ac
1134 539 1300 633 Scripturis
1317 543 1424 613 adver,

283 659 301 705 e
328 630 500 706 luculenter
523 632 730 716 evicerimus,
762 651 857 730 atque
883 657 901 702 e
923 634 1080 708 contrario
1103 633 1214 721 illam,
1238 661 1333 733 quam
1357 634 1422 733 ipse

149 733 342 832 exagitatae
364 727 499 828 spernit,
523 726 562 799 de
586 725 664 800 stria
686 723 768 799 sexta
792 727 973 801 sententiam
996 755 1014 800 e
1036 727 1126 803 saeris
1148 732 1243 804 literis
1266 734 1424 808 evidenter

19 865 23 874 ·
149 826 410 916 adstruxerimur,
435 825 513 900 illud
537 829 607 916 jam
620 821 656 897 su
680 849 882 899 ervacaneum
908 824 1086 916 censemus,
1111 849 1148 899 ut
1172 826 1339 900 ambitioso
1359 833 1423 906 cal-

154 926 280 1000 culandi
303 923 417 998 ,labore
446 916 577 996 verum.
668 947 693 992 rs
717 947 752 994 at
777 921 981 1009 hebdomadis
1004 927 1089 998 diem
1112 950 1217 997 eruere
1242 923 1262 996 s
1374 955 1420 1005 un

151 1023 242 1098 Nem
274 1029 310 1093 δι
336 1017 738 1118 ipse.l.anlgius,=qu1ea
769 1043 865 1116 opera
895 1018 1087 1118 supersedit,
1121 1023 1224 1096 otium
1255 1031 1299 1096 no
1323 1025 1420 1116 isbie

152 1113 250 1206 secie,
276 1125 317 1191 δι·
331 1120 515 1215 ampliorem
538 1143 573 1190 ea
588 1141 642 1216 ,rep
663 1117 876 1199 undationem
896 1122 1045 1217 requirit,
1070 1145 1165 1218 quarn
1180 1129 1216 1192 'ut
1231 1121 1323 1212 hujus
1339 1125 1424 1216 Dia}
1496 1144 1500 1150 ·

153 1213 249 1290 tribes
274 1213 422 1315 angustiis
445 1213 564 1286 includi
587 1225 703 1312 queat·
742 1213 830 1286 Cum
856 1219 940 1288 enim
964 1217 1107 1290 nondum
1130 1219 1281 1290 internos
1304 1223 1423 1292 e'onve‘-

155 1315 240 1400 niat,
290 1335 372 1386 uoto
396 1337 482 1386 anno
504 1313 552 1383 vel
579 1313 724 1410 juliano,
750 1314 809 1386 vol-
824 1313 949 1386 Periodi
971 1313 1119 1412 Julianae,
1144 1316 1194 1387 vel
1218 1315 1421 1391 Tiberirm.

149 1409 252 1506 pallio
266 1339 443 1511 boninitas
456 1410 643 1508 contigerit,
669 1433 728 1486 nec
740 1408 835 1480 nobis
851 1415 1009 1510 alaugio
1028 1416 1141 1502 ineius
1158 1411 1421 1486 demonstratione

153 1502 854 1606 nosfamun‚effa.putcmus,neejmn1xie
868 1507 906 1580 de
922 1525 967 1578 eo·
979 1507 1097 1580 nosdis
1112 1510 1422 1599 uir‘ereinstitutinoe

150 1600 208 1690 liri
232 1607 320 1682 ratio.
427 1607 513 1690 teat,
537 1602 613 1678 illud
632 1628 766 1702 quoque
791 1602 883 1676 nobis
907 1631 976 1676 non
991 1535 1173 1677 incumbere
1189 1609 1359 1696 credimus,
1384 1615 1422 1680 'ut
1519 1617 1522 1625 '

146 1699 268 1784 mmsis
281 1727 319 1786 ae
387 1706 508 1780 timanae
522 1701 605 1774 diem
621 1703 730 1775 'calculi
746 1697 901 1774 beneficio
918 1699 1078 1774 ostendere
1095 1710 1259 1776 tentemus.
1274 1707 1422 1778 'uterina

154 1823 204 1874 res
226 1801 313 1876 euim
336 1799 457 1880 esteris
475 1803 690 1876 monumentis
706 1798 848 1874 dedimus
863 1796 1065 1899 dabimusque
1080 1799 1299 1901 probationes,
1324 1825 1423 1900 quant

152 1917 192 1976 nt
209 1898 279 1972 ullae
300 1897 528 1978 Mathematieae
553 1892 723 1980 ἀποδείξεις
740 1897 777 1969 iis
793 1898 841 1968 vel
857 1891 1008 1993 praeserri,
1033 1901 1083 1974 vel
1147 1901 1278 1999 uiparari
1293 1897 1424 1997 possint.

152 1993 214 2068 Sed
230 2019 289 2068 net
305 1992 369 2092 ipse
385 1999 542 2094 Langius‚
566 1993 695 2093 quando
708 1991 857 2081 stabilita,
883 1997 936 2065 uti-
946 1997 1111 2092 opinatur,
1149 1993 1318 2073 uadeferia
1372 1998 1422 2068 in·

154 2109 187 2163 ta
209 2088 390 2189 hypothes,
416 2091 556 2172 tabellam
576 2091 829 2167 Neomeniatum
855 2087 1063 2184 Pnschrlium,
1088 2096 1197 2166 calculi
1219 2121 1241 2165 o
1292 2021 1423 2192 indiga·

147 2197 277 2276 tantm,
303 2191 587 2286 proponimertu
603 2187 864 2286 ostenderopoais
878 2185 941 2275 elli
963 2197 1045 2262 'num
1061 2195 1155 2263 XIV.
1180 2194 1227 2262 N'
1242 2217 1281 2263 an
1296 2191 1349 2262 seii
1363 2199 1423 2262 Pa*-

152 2279 274 2370 rasceve
298 2285 449 2361 uastitatis
474 2287 736 2368 Talmutlitotum
761 2294 809 2362 um
822 2294 997 2360 mooun.
1018 2286 1082 2384 Jul.
1092 2295 1199 2384 4746.
1226 2283 1422 2388 quop'mium

148 2379 318 2456 Christum
342 2380 455 2472 asserit,
481 2385 515 2456 in
541 2386 703 2482 quintam,
728 2408 767 2457 aa
784 2380 946 2481 septimam
961 2381 1162 2458 hebdomadis
1177 2382 1286 2456 setiam
1300 2383 1424 2458 incide·

150 2483 202 2552 rit
229 2487 389 2554 Incertum
404 2485 489 2555 enim
507 2479 568 2567 est,
594 2483 643 2556 vel
658 2477 726 2578 ipso
742 2477 859 2555 satente
870 2506 998 2582 p.413.
1023 2503 1130 2554 utrum
1147 2483 1347 2558 novilunium
1355 2483 1422 2553 Ni·

151 2572 205 2650 san
218 2579 362 2652 ceciderit
378 2605 418 2650 eo
434 2598 518 2653 anno
540 2582 574 2650 in
590 2578 734 2652 nostrum
748 2579 920 2666 Martium,
945 2605 985 2651 an
1000 2584 1125 2654 veroin
1139 2581 1294 2678 Aprilem.
1346 2581 1422 2652 silo

149 2673 309 2766 Martium
324 2676 454 2763 incidit,
478 2679 525 2746 uti
540 2674 675 2762 debuit„
695 2675 822 2772 quando
837 2675 1020 2773 asynedrio
1028 2674 1179 2750 nonfuit
1196 2679 1422 2764 intercalatum,

152 2774 213 2847 etit
225 2779 313 2864 juxta
324 2781 393 2866 ejus
411 2773 563 2845 talutium
575 2777 655 2856 XV.
681 2765 783 2846 Nisan
807 2765 859 2844 seu
872 2793 1002 2872 mugnus
1019 2774 1083 2846 dies
1097 2769 1246 2873 Pasebptis
1258 2775 1424 2846 Traditio·

151 2871 273 2945 uallum
290 2878 351 2954 lli.
377 2871 498 2966 Aprilis
513 2867 598 2950 ⁴feria
624 2867 721 2956 sexta,
745 2864 787 2942 dl
811 2867 1133 2959 Patalenvtejusdem
1151 2877 1193 2942 ll.
1210 2871 1335 2964 Aprilis
1347 2867 1422 2940 feria

152 2969 274 3067 quinta.
299 2974 349 3041 At
365 2987 439 3040 cum
451 2968 622 3040 intercalari
640 2965 738 3062 pollet
753 2979 851 3036 annus
866 2967 990 3063 integro
1008 2959 1135 3053 mense,
1154 2963 1198 3036 ob
1215 2962 1344 3062 frugum
1358 2968 1423 3038 im·

153 3067 364 3144 maturitatem
379 3071 414 3136 &
432 3087 586 3164 agnorum
601 3062 827 3158 baedorumque
845 3065 1047 3149 tenuitatem,
1072 3061 1147 3136 t'esle
1164 3059 1232 3158 ipso
1241 3081 1369 3164 p.415.
1386 3082 1424 3133 ut

152 3163 182 3236 is
206 3189 305 3238 annus
329 3167 424 3238 Xlli.
441 3161 558 3235 menses
568 3159 720 3246 baberet,
744 3159 851 3256 potuit
868 3183 1000 3256 quoque
1014 3186 1054 3232 eo
1069 3185 1152 3258 anno
1167 3159 1303 3232 Martius
1320 3155 1425 3233 noster

153 3257 271 3356 Judaeis
287 3261 377 3336 Adae
396 3255 613 3345 secundusscu
627 3257 749 3330 Vendat
764 3255 841 3341 else,
868 3262 902 3326 δι
920 3257 1042 3352 Aprilis
1059 3256 1185 3328 demum
1202 3253 1306 3330 noller
1324 3253 1427 3330 Nisan

155 3358 216 3445 illis
231 3357 359 3432 existere
368 3409 385 3444 „
406 3354 711 3446 'eujusnovilunium
728 3354 860 3436 Kasraeis
877 3355 1004 3426 XVlll.
1014 3355 1133 3448 Aprilis
1142 3349 1281 3440 sulm&
1290 3351 1426 3450 plenilut

155 3457 247 3542 nium
265 3453 318 3542 seu
333 3459 407 3530 XV.
433 3451 533 3524 Nissn
548 3447 655 3536 iisdem
674 3455 716 3520 11.
736 3449 817 3538 Maii
830 3445 1342 3551 feria·leptima,jid'eoqnorlliV.
1358 3451 1427 3524 Nu

152 3545 206 3628 san
220 3550 286 3627 five
304 3547 466 3626 Parasceve
482 3545 633 3622 Pasebatis
648 3547 847 3618 Karraeorum
861 3550 887 3616 l.
904 3544 987 3638 Maii
1002 3541 1078 3620 feria
1085 3543 1181 3621 ‹sexta
1230 3543 1428 3620 Talmudieis

154 3670 262 3733 autem
289 3656 324 3722 dt
350 3647 500 3744 synedrio
517 3646 717 3720 novilunium
732 3638 833 3715 Nisan
850 3641 907 3712 hac
924 3645 1043 3716 ratione
1059 3648 1092 3718 in
1107 3651 1196 3720 XIX.
1213 3647 1334 3742 Aprilis
1349 3645 1431 3720 inci-

155 3745 224 3838 dit,
249 3753 284 3820 δι
300 3747 509 3846 plenilunium
526 3741 580 3815 seu
593 3745 711 3840 primus
725 3745 922 3839 Azpmorum
937 3744 970 3813 in
986 3748 1046 3814 111.
1056 3744 1137 3836 Maji
1152 3737 1260 3816 feriam
1276 3743 1428 3838 primam,

155 3866 196 3941 ac
214 3841 543 3950 ‘subquartus
560 3835 664 3934 Nilo
679 3835 1429 4012 ettamenpanasenmrmnrpnn

151 3997 156 4030 ι
221 4004 232 4034 r
320 3955 327 3962 ι
495 3971 497 3975 ’
535 3948 543 3962 .
914 4023 920 4032 .
958 3955 972 4030 t.
1317 3959 1430 4042 ,emm
