3658 4728
417 213 499 324 328
601 175 1588 312 erannnnitiuiDinTninn,

414 333 501 432 quod
516 331 609 404 nobis
623 327 820 427 probandum
834 319 1043 396 incumbebat.
1083 324 1196 432 ideque
1213 313 1254 388 sic
1268 315 1513 432 charasierismus
1526 319 1673 394 iilennis

416 430 567 504 tecostalis
586 424 755 500 firmissime
774 421 853 494 istud
876 431 982 490 contra
1000 421 1157 513 Langium
1176 436 1304 502 otetur,
1335 415 1422 510 quod
1439 415 1478 486 ab
1500 417 1568 513 ipso
1584 440 1672 492 tanto

417 554 489 599 cuin
506 527 668 598 molimine
683 543 892 617 oppugnatur.

463 621 602 707 Sufficit,
628 641 663 688 ut
679 615 786 712 spero,
812 614 862 685 hic
879 631 1134 780 arpumentorum
1149 605 1328 680 nostrornm
1345 634 1362 678 e
1383 611 1672 776 Scriptutaptiito-

416 745 487 793 rum
501 717 605 801 senio,
632 738 667 786 ut
681 716 839 880 antipuam
855 711 893 782 de

416 839 509 913 atque
526 815 671 884 invidiam
686 835 746 906 pre
775 829 815 878 et.
840 811 914 878 Nec
927 808 1013 901 plura
1029 807 1185 877 cumulate
1202 803 1354 874 necessum
1362 801 1511 890 arbitror,
1537 805 1594 900 qui
1605 829 1675 876 nta-

416 917 464 1000 jus
481 914 515 982 in
527 910 669 992 delectu,
695 931 790 1004 quam
808 911 1009 988 innumero,
1034 900 1131 976 robur
1144 895 1214 970 fore
1229 897 1367 970 confido.
1403 897 1525 972 Possem
1543 923 1674 998 quoque

414 1031 434 1076 e
449 1009 528 1104 typis
542 1031 576 1076 ac
593 999 701 1102 figuris
716 1003 874 1073 nonnullis
890 1001 1025 1070 rationes
1035 999 1236 1093 depromere,
1251 991 1597 1100 sitquesansiosPattes
1606 1005 1675 1070 ire·
1696 1037 1703 1046 ·

415 1128 536 1188 naeum,
562 1097 775 1196 Epiphanium
790 1106 823 1168 δι
840 1099 916 1166 alios
931 1097 1053 1166 imitaii.
1081 1100 1200 1166 Verum
1216 1117 1289 1162 cuin
1303 1095 1413 1177 sciam,
1425 1119 1497 1166 eum
1506 1119 1673 1190 argumen-

416 1198 500 1270 tandi
519 1197 649 1269 modum
665 1193 810 1264 nonsatis
827 1191 924 1266 valide
941 1194 974 1262 in
992 1188 1168 1281 hujusmodi
1182 1183 1453 1285 disceptationibus
1469 1191 1674 1280 concludere,

416 1285 540 1391 prorsus
557 1295 613 1364 illo
628 1285 834 1386 supeisedere,
861 1313 955 1385 quam
972 1291 1075 1359 minus
1090 1285 1185 1359 solida
1201 1311 1235 1355 ac
1249 1285 1401 1358 evidentia
1416 1285 1520 1360 afferre
1528 1340 1539 1376 ,
1548 1284 1674 1360 consul-

418 1395 480 1461 tius
495 1391 588 1462 duco.
615 1387 733 1458 Nullus
748 1389 832 1458 enini
848 1383 958 1455 dubito
966 1381 989 1469 ,‘
1003 1387 1082 1482 quin
1098 1409 1168 1492 quae
1182 1389 1242 1472 jam
1257 1385 1345 1453 attuli
1358 1407 1537 1471 momenta,
1552 1406 1673 1458 nantum

417 1486 563 1582 ponderis
579 1485 659 1580 apud
675 1507 785 1554 omnes
799 1481 940 1552 cordatos
954 1479 1094 1552 habitura
1107 1487 1185 1564 lint,
1211 1501 1246 1550 ut
1261 1481 1412 1577 Langiani
1425 1482 1578 1578 dogmatis
1587 1486 1674 1556 vani·

417 1603 510 1654 tatem
527 1583 601 1654 haut
641 1581 765 1651 iavatini
774 1575 950 1676 agnoscant.
974 1575 1247 1661 Existimarem,
1257 1601 1329 1648 cuin
1340 1578 1477 1672 primum
1487 1577 1578 1667 hujus
1611 1604 1673 1652 uat-
1811 1641 1812 1654 ,

416 1677 526 1752 stionis
549 1607 821 1748 consociationem
843 1673 1039 1771 aggrederer,
1068 1676 1222 1772 Langium
1240 1670 1467 1748 Mathematicis
1482 1675 1597 1748 demon
1627 1704 1675 1748 ra-

417 1773 558 1846 tionibus
575 1799 690 1846 novam
713 1773 790 1842 hanc
807 1769 894 1842 suant
915 1773 1100 1867 opinionem
1119 1775 1327 1866 maximopere
1343 1765 1564 1858 firmaturum,
1588 1782 1621 1846 δι
1639 1776 1672 1846 in
1715 1847 1717 1850 .

418 1873 537 1944 calculo
557 1873 747 1968 praecipuum
764 1867 936 1964 presidium
950 1865 1127 1964 positurum
1143 1863 1256 1954 fuisse,
1286 1869 1331 1938 ita
1347 1889 1417 1938 ute
1439 1872 1673 1944 neomeniarum

418 1976 453 2042 dc
491 1969 711 2040 lenilunioruni
730 1961 904 2061 scrupulosa
914 1967 1154 2060 ¹computatione
1170 1962 1328 2038 ostendere
1343 1963 1537 2055 allaboraret,
1563 1966 1676 2042 Panna

418 1995 622 2160 Judaionun,
647 2063 680 2136 in
700 2067 787 2154 cujus
806 2058 968 2136 parasceve
984 2058 1082 2158 passus
1097 2060 1142 2134 est
1156 2062 1337 2152 Dominus,
1362 2063 1395 2132 in
1411 2087 1484 2134 euna
1498 2059 1674 2162 septimana:

416 2163 500 2234 diem
516 2155 668 2245 incidisse,
679 2160 737 2257 qui
751 2185 824 2231 eum
839 2155 933 2254 ipsius
949 2180 1052 2230 meme
1068 2153 1354 2272 congniereposset
1381 2159 1441 2230 Sed
1449 2182 1569 2235 tantum
1578 2160 1674 2248 abest,

210 2271 214 2278 '
315 2295 320 2302 ·
375 2247 380 2258 ⁸
417 2279 454 2328 ut
474 2261 613 2357 Langius
636 2257 788 2328 ecalculo
803 2255 933 2352 probare
948 2251 1126 2356 prasumat,
1151 2257 1235 2328 diem
1254 2253 1438 2347 ςαυράσιμον
1455 2255 1561 2328 feriam
1579 2263 1675 2356 quin·

417 2375 482 2426 tam
503 2353 610 2440 sitisse,
636 2374 672 2422 ut
695 2356 800 2449 potius
823 2351 900 2424 hanc
922 2349 1123 2448 hypotltefin,
1148 2379 1166 2423 e
1191 2353 1675 2452 pravaiociMareh.X11,40.
1812 2417 1813 2420 ,

416 2449 617 2543 παρερμηνάᾳ
640 2451 732 2520 unice
746 2439 926 2535 deduttnn,
951 2450 1097 2546 principii
1112 2475 1147 2520 ac
1162 2448 1355 2523 fundamenti
1369 2451 1444 2522 loco
1458 2450 1601 2550 usurpet,
1627 2473 1676 2524 at-

417 2573 482 2647 que
504 2547 576 2620 inde
601 2545 765 2618 concludat
789 2569 861 2617 euni
884 2570 1017 2632 annum,
1044 2551 1131 2636 cujus
1153 2541 1361 2643 plenilunium
1373 2545 1474 2620 Nisan
1487 2545 1570 2622 feria
1586 2548 1675 2622 sextat

416 2646 583 2728 convenit,
608 2641 748 2737 adeoque
762 2646 854 2717 XiV.
869 2637 970 2712 Nisan
984 2638 1036 2712 seu
1048 2637 1209 2717 Parasceve
1226 2641 1676 2745 Paschatisfeiiaequintaecon·
1773 2649 1779 2663 '

416 2743 522 2836 gruit,
539 2763 656 2813 uerum
677 2763 792 2808 annum
818 2740 930 2828 colapis
957 2735 1102 2832 passionis
1126 2740 1269 2829 existere,
1295 2741 1391 2814 veluti
1406 2768 1500 2838 penes
1516 2741 1616 2840 ipsum
1632 2748 1675 2818 t.

416 2841 466 2908 II.
479 2845 514 2910 P.
526 2862 590 2910 nt„
601 2835 634 2906 8.
651 2833 753 2910 videre
772 2833 826 2906 est.
876 2835 975 2926 Qtod
994 2834 1265 2910 demonstrandum
1282 2859 1345 2910 erat
1360 2842 1501 2938 Langio,
1526 2839 1674 2938 illudipse

335 2953 341 2964 ’
417 2960 477 3010 ceu
491 2929 762 3008 demonstrationis
777 2935 967 3028 principium
985 2929 1126 3020 adhibet,
1151 2932 1255 3033 sitque
1273 2960 1374 3010 reuera
1389 2934 1423 3006 ti
1439 2945 1471 3008 ἐν
1489 2940 1576 3033 ὀρχῇ
1589 2957 1676 3028 λαμ-

416 3036 514 3105 Ga‘m.
565 3032 649 3122 Quis
670 3029 754 3102 enim
778 3027 834 3124 ipsi
848 3027 925 3100 hanc
940 3027 1122 3125 hypothefin
1136 3033 1305 3118 concedet,
1331 3057 1427 3129 quant
1441 3055 1507 3106 tota
1523 3034 1676 3125 Ecclesia,

416 3127 550 3202 universi
575 3134 697 3215 Patres,
722 3131 757 3196 δι
783 3124 948 3198 dofflffimi
971 3127 1091 3223 quique
1108 3125 1254 3200 Chronos
1300 3130 1676 3216 imeritoptabsurdilli·

419 3251 504 3325 mam
523 3225 682 3315 rejiciunt,
707 3223 857 3294 nimirum
874 3154 1318 3324 quodsnvatoidiejovisoiit
1333 3224 1523 3300 cnicifixus?
1549 3235 1588 3300 In
1595 3254 1678 3301 con·

417 3323 545 3392 trariun
571 3318 718 3392 laucius
741 3319 839 3392 tendit
852 3323 997 3392 omnium
1010 3345 1121 3393 contin
1137 3323 1282 3394 laudanda
1298 3327 1414 3418 praxis,
1440 3326 1497 3422 qui
1513 3327 1544 3396 in
1558 3349 1598 3396 eo
1613 3330 1676 3398 toti

417 3415 563 3513 occupati
586 3414 691 3500 sucre,
716 3436 753 3485 ut
776 3438 898 3512 tempus
922 3420 1032 3488 moitis
1054 3419 1234 3492 Dominicae
1250 3443 1399 3494 eruerent
1450 3424 1500 3494 Hi
1515 3424 1599 3494 enim
1613 3422 1677 3494 boc

415 3517 593 3585 ὑποθέσεως
618 3512 692 3582 loco
713 3507 956 3602 constituentur,
982 3513 1070 3612 quod
1094 3541 1111 3586 t
1139 3518 1295 3613 Scriptura
1310 3526 1344 3590 δι
1360 3520 1450 3590 omni
1474 3521 1677 3618 antiquitate,

417 3605 613 3690 notissimum
627 3605 817 3698 judicarunt,
842 3635 954 3706 nempe
970 3607 1489 3709 quodferiasciitascudieVeneris
1497 3616 1582 3689 dbos
1589 3643 1677 3690 mot-

417 3711 459 3788 iis
474 3709 624 3782 cruciatus
641 3707 785 3778 Servatur
799 3707 982 3781 toleraverit.
1031 3711 1082 3782 Sic
1097 3713 1393 3800 nominatimBeda,
1418 3714 1561 3812 Scaliger,
1586 3722 1677 3788 Pcta·

417 3807 507 3899 aiu,
531 3805 707 3907 Batonius,
732 3807 767 3878 δι
793 3823 858 3880 tota
882 3803 1166 3906 Chronologotum
1189 3811 1285 3886 natio.
1334 3812 1413 3885 Hoc
1436 3836 1496 3884 ceu
1517 3813 1678 3910 principio

1584 3935 1678 3981 aaut·

922 711 983 780 eiia
997 708 1142 805 passionis
1155 708 1334 778 Dominicae
1351 707 1530 778 sententiam
1550 731 1673 780 ecutarii
1809 683 1811 766 f
