3658 4728
422 188 503 304 376
600 169 1541 296 Jonrawmnammommis

416 323 492 401 serie
507 323 610 400 nullos
633 322 739 418 Reges
750 318 931 404 ‚nullumve
946 339 1079 415 regnutn
1151 312 1218 410 prie
1234 312 1354 386 diuum
1369 313 1674 411 habuerinmjesta-

415 446 480 496 tem
497 444 599 512 tamen
616 415 723 489 habuit
738 411 857 512 sceptro
873 413 1054 510 malogam,
1090 413 1233 508 smulque
1256 415 1433 502 ὥντονομίαν
1454 415 1569 502 talem,
1594 439 1684 513 qua..

414 523 476 592 lem
493 515 593 616 Jacob
615 507 774 610 persuum
800 535 882 620 ppno
898 508 1057 606 expressat,
1083 531 1140 578 uec
1158 528 1228 577 ante
1245 505 1364 580 Meffiae
1381 509 1547 582 adventum
1566 514 1673 584 totali-

258 669 262 676 »
414 639 461 688 ter
476 641 543 686 eam
560 611 739 708 deperdidit.
766 613 846 680 Prsia
860 607 987 706 quidem
1004 605 1048 675 est
1064 625 1195 701 utraque
1202 629 1238 672 ea
1246 603 1379 698 potestas
1389 631 1422 676 ac
1432 606 1560 702 dignitas
1570 634 1679 705 quan,

415 714 486 802 dam
523 709 585 782 uasr
600 705 723 805 eclipsin
740 708 772 777 in
787 706 961 802 captivitate
977 699 1182 794 Babylonica,
1208 697 1342 770 abdusio
1357 703 1672 800 ‚iiiucHZedcchiacum

415 737 538 906 popbio
554 806 694 903 judaico.
721 803 780 874 Sed
795 825 863 872 tum
879 825 946 870 non
961 799 1064 870 totalis
1078 792 1188 892 sceptri
1205 803 1237 865 δι
1256 797 1285 866 le
1309 796 1437 870 issatoris
1452 797 1580 872 recessus
1593 827 1674 874 con-

413 907 505 998 tigit,
531 905 655 1000 qualem
671 898 824 996 ajacobo
841 893 964 992 praedici
975 917 1047 964 ante
1064 894 1248 964 docuimus:
1274 824 1324 966 sid
1340 895 1440 968 brevis
1456 893 1560 970 saitem
1577 901 1674 970 inter-

414 1001 509 1082 cisio,
535 1024 605 1096 quae
627 996 704 1068 nibil
718 995 756 1066 ad
772 997 955 1066 vaticinium
971 987 1056 1062 fecit.
1107 996 1283 1084 interrupta
1307 993 1434 1088 quidem
1457 990 1674 1091 aliqtuntisper

415 1097 479 1169 fuit
493 1093 548 1167 isia
563 1089 672 1190 sceptri
682 1083 841 1181 '6123er
867 1115 933 1160 non
947 1107 1049 1157 autem
1068 1088 1190 1182 penitus
1206 1111 1241 1156 ac
1258 1085 1390 1159 finaliter
1405 1111 1522 1161 remota
1539 1092 1587 1162 vel
1598 1089 1674 1160 sub-

415 1195 485 1266 lata.
537 1188 660 1262 Habuit
674 1189 811 1283 populus
828 1208 942 1278 certam
956 1179 1042 1279 spem
1059 1183 1230 1276 revertendi
1245 1185 1279 1254 in
1295 1206 1387 1254 terras
1402 1181 1483 1274 suas,
1494 1191 1675 1284 &recupe-

414 1289 502 1362 randi
522 1287 665 1382 imperii,
690 1309 783 1380 quam
807 1278 969 1378 Propheta
990 1277 1107 1350 assiduo
1121 1277 1235 1352 divinis
1251 1278 1503 1446 promissionibus
1517 1279 1675 1355 refocilla-

413 1407 499 1458 runt.
523 1383 654 1466 Taceo,
678 1379 769 1478 ,quod
784 1377 894 1450 umbra
909 1378 1009 1473 aliqua
1027 1373 1159 1472 pristinae
1176 1393 1251 1471 pote
1263 1375 1334 1446 iaris
1350 1378 1383 1446 in
1398 1377 1675 1452 AEchmalotarchis

415 1475 607 1564 remanserit,
633 1499 668 1550 ut
682 1471 782 1571 ipsum
796 1473 936 1546 Talmud
953 1471 1022 1544 cod
1038 1471 1211 1544 Sanhedrin
1227 1497 1292 1569 cap.
1311 1479 1394 1544 Dine
1409 1499 1564 1546 mammos
1581 1475 1673 1566 testa:

416 1599 478 1650 tut.
503 1573 675 1670 synedrion
690 1597 821 1670 quoque
837 1568 995 1664 Babylone
1011 1563 1268 1666 suisse,Targum
1283 1567 1519 1668 Hierosolymit.
1539 1579 1573 1642 in
1583 1583 1675 1660 Cant.

419 1672 613 1755 cantiam,
627 1695 654 1740 1.
668 1667 819 1765 perhibet.
845 1667 952 1738 Soluto
967 1671 1028 1754 jam
1047 1668 1238 1760 captivitate,
1256 1667 1440 1768 populoque
1450 1669 1677 1764 patriislaribus

415 1771 556 1855 reddito,
581 1767 712 1864 dignitas
728 1761 875 1848 βασιλικῆ
889 1762 923 1834 in
940 1765 1110 1852 iycpavmiv
1128 1783 1243 1832 mutata
1260 1759 1322 1846 est,
1349 1769 1381 1832 δι
1399 1764 1506 1836 cidaris
1515 1789 1548 1837 ac
1557 1791 1673 1838 corona

417 1867 520 1966 Regia
541 1887 660 1937 remota
674 1861 737 1946 est,
751 1868 834 1952 jaurta
850 1859 982 1932 verbum
997 1860 1151 1930 Numinis
1169 1857 1282 1934 euch.
1300 1863 1394 1943 XXI,
1413 1869 1467 1930 26.
1490 1885 1543 1946 27.
1585 1865 1679 1934 Meta

417 1965 503 2036 enim
521 1961 687 2052 dissipasse
699 1953 783 2050 fuit,
807 1983 880 2029 cum
897 1955 1033 2051 Cyrillus
1048 1957 1071 2026 l.
1083 1961 1115 2027 8.
1128 1953 1248 2048 adversi
1262 1951 1445 2046 sulianum,
1462 1959 1558 2046 dixit,
1573 1966 1676 2030 aZe-
1715 1999 1722 2008 ·

420 2053 557 2140 roscido
572 2052 622 2131 ad
633 2053 786 2130 Herodem
800 2058 886 2166 respue
903 2057 1030 2174 ,Reg‘im
1047 2053 1083 2124 di
1102 2055 1229 2174 nitatem
1246 2058 1280 2120 in
1289 2051 1385 2149 ,sirpe
1399 2055 1680 2232 Judasspvopegq.

417 2179 486 2328 {ss
494 2149 1073 2346 s‘sia⁸fii?⁰,{?sssis⁹;b
1097 2147 1679 2340 {³330stitissb‘ss‘ftsasis

417 2352 476 2450 qui
505 2375 533 2422 1.
549 2351 622 2436 ‚Pau
636 2351 743 2436 HI,7.
754 2349 836 2443 seqq.
860 2341 1061 2414 recensentur.
1111 2343 1294 2437 Synedrium
1315 2367 1454 2510 [quoque
1473 2367 1541 2418 tum
1566 2350 1599 2418 in
1624 2350 1677 2419 in-

418 2467 450 2520 te
472 2473 542 2518 rum
557 2442 733 2516 restitutum
747 2439 800 2512 est.
840 2441 884 2512 Et
902 2465 1081 2606 quanpuam
1095 2462 1135 2508 eo
1152 2443 1300 2534 temporis
1328 2446 1413 2536 patio
1432 2443 1679 2538 magnitudinem

419 2544 452 2618 C
503 2544 597 2615 daeam
620 2540 669 2616 vel
689 2536 840 2612 Persicam
865 2533 996 2610 nomnib'
1021 2537 1143 2608 reveriti
1156 2533 1215 2606 smt
1228 2537 1345 2634 judei,
1371 2535 1462 2608 suum
1476 2561 1578 2612 tamen
1650 2543 1679 2612 i-

420 2665 494 2711 men
507 2637 643 2723 salvum,
669 2631 817 2733 suamque
834 2638 1012 2726 sescuplus
1037 2629 1208 2704 obtinuere.
1240 2629 1432 2724 Maiestatem
1445 2633 1529 2706 suam
1541 2566 1681 2732 poissins

418 2733 547 2820 habuit,
566 2734 646 2806 iicet
658 2755 725 2805 non
742 2729 799 2803 sub
816 2729 942 2817 eadem,
967 2753 1030 2827 qua
1044 2729 1148 2824 prius,
1173 2726 1367 2824 Reipublicae
1385 2725 1496 2802 forma
1527 2733 1628 2826 Quod
1643 2741 1677 2806 &

418 2825 568 2908 vaticinio
591 2827 699 2902 nostro
724 2828 844 2926 oppido
868 2821 1108 2898 consentaneum
1131 2821 1184 2895 est·
1234 2829 1348 2897 Tertio
1372 2830 1509 2922 opponit
1521 2833 1677 2927 Langiuss

419 2939 500 3001 Cum
512 2926 638 2998 tandem
658 2949 736 3021 ¹40·
748 2929 841 2994 annis
856 2943 928 2995 ante
945 2919 1098 3016 christum
1114 2919 1262 3018 Judaeisc
1279 2929 1312 2993 in
1318 2919 1491 2994 libertatem
1498 2928 1679 3018 afferudfent,

420 3051 481 3096 non
495 3023 620 3096 cuidam
632 3050 672 3094 ex
688 3023 818 3105 familia
834 3019 945 3118 Juda,
964 3017 1019 3116 sed
1033 3043 1073 3088 ex
1080 3019 1216 3112 familia
1233 3023 1334 3102 Levi,
1356 3025 1523 3114 imperium
1539 3023 1680 3118 commas-

410 3125 481 3217 firm
506 3121 564 3216 est,
585 3141 677 3217 penes
700 3144 773 3221 quos
796 3117 917 3189 tamdiu
940 3117 1067 3210 manfit,
1092 3113 1178 3210 usque
1198 3141 1254 3212 qvo
1279 3115 1612 3217 Herodesalienigena
1629 3147 1679 3190 re·
1822 3203 1823 3206 Ἴ

268 3307 270 3314 y
414 3245 515 3318 gnum
531 3237 696 3322 occuparet.
725 3259 727 3264 ·
747 3215 806 3286 Sed
821 3212 882 3288 boc
896 3231 1116 3313 argumentum
1132 3212 1221 3308 plane
1236 3213 1378 3309 ineptum
1394 3211 1449 3284 est.
1482 3215 1570 3302 Quid
1584 3220 1681 3304 enim,

419 3311 544 3412 queso,
561 3311 700 3398 interest,
750 3338 789 3384 ua
809 3310 952 3384 detribu
970 3305 1104 3394 fuerint,
1131 3311 1187 3409 qui
1206 3307 1346 3407 Judaicas
1369 3335 1416 3382 res
1429 3302 1577 3382 moderati
1590 3308 1682 3402 sunt,-

417 3409 517 3482 modo
532 3407 594 3505 ipsa
608 3340 795 3523 Respuiibca
809 3415 845 3484 ἃ
868 3403 1004 3522 majestas
1017 3405 1103 3520 realis
1115 3398 1544 3574 penesJudaeumsspopulum
1560 3405 1680 3482 fuerit?

419 3513 478 3580 An
517 3525 602 3590 utus,
628 3509 749 3604 Langr,
775 3503 927 3578 foederati
939 3505 1040 3604 Belgn
1053 3501 1296 3602 Rempubhcam
1311 3531 1369 3596 maj
1416 3527 1497 3578 atem
1510 3500 1595 3575 suam
1609 3529 1682 3600 per·

417 3603 479 3679 did'
528 3657 539 3690 ,
566 3627 639 3672 cum
652 3603 851 3673 Dictatorem
867 3599 924 3674 fibi
940 3625 958 3672 e
973 3595 1139 3672 Nassovica
1155 3600 1254 3672 domo
1272 3597 1416 3674 adscivit?
1442 3607 1498 3674 An
1513 3603 1681 3698 imperium
1822 3595 1823 3614 ¹

418 3729 488 3774 non
510 3725 605 3797 penes
626 3701 809 3770 Romanum
825 3699 980 3796 populum
997 3693 1137 3770 exstitisse
1149 3695 1274 3783 censes,
1306 3721 1381 3768 cum
1403 3697 1490 3770 Galli
1506 3695 1682 3774 Tbmcesve

419 3803 622 3894 Imperatores
637 3795 844 3897 eligerennu?
870 3797 965 3870 Num
980 3793 1119 3870 Polouos
1133 3789 1364 3896 reguumsuutn
1375 3792 1681 3884 miserentium,

1606 3917 1742 3966 cum·
