3628 4724
311 228 1174 330 Murctnrrs,r·rRortcunrrsJ
1311 265 1397 357 555

129 395 191 450 tate
208 401 264 476 per
279 373 372 449 hosce
388 377 454 450 dies
475 374 674 462 fruebantur,
683 379 767 466 juxta
783 375 974 472 Dionysrurn
988 378 1250 454 Halicarnalieum
1266 379 1321 456 tte.
1345 409 1395 460 tv.
1453 431 1455 434 -

127 476 292 576 Iidemque
307 477 483 573 compitaler
499 478 595 546 Lares
610 498 648 545 ex
664 471 803 573 Augusti
818 471 962 564 instituto
976 477 1057 573 apud
1067 479 1254 551 Suetonium
1261 501 1328 574 cap.
1340 507 1355 579 3
1366 507 1398 556 1.

127 571 1398 769 lllllllllbileltlsslltbzffibltffilb‘bl

129 787 257 859 renuit,
282 724 406 867 virgnoi
416 790 519 840 tamen
531 767 709 864 Myrtheam
727 770 760 839 in
773 770 891 864 templo
906 774 971 860 ejus
985 767 1090 840 haberi
1105 768 1192 842 nefas
1207 794 1287 858 erat,
1311 771 1401 872 quod
1483 827 1485 831 -

131 864 315 940 Macrobius
337 872 615 940 1.Saturn.c.12.
639 873 673 938 &
698 864 883 938 Plutarchus
905 867 1013 962 Qest·
1033 873 1244 939 Romanarum
1262 894 1317 942 20.
1339 869 1401 962 do-⁸

131 984 272 1034 cuenrnt.

180 1063 242 1130 IV.
267 1057 423 1133 Distincta
438 1085 514 1134 vero
525 1062 660 1132 omnino
675 1058 738 1131 fuit
751 1062 891 1152 Majutna
905 1087 923 1131 a
939 1058 1108 1158 piscatoriis
1123 1063 1220 1154 ludis,
1246 1061 1304 1164 qui
1321 1086 1360 1138 rr
1370 1085 1399 1135 1.

133 1155 207 1229 Idus
219 1157 308 1255 Junii
321 1157 559 1256 peragebantur,
585 1157 624 1230 de
637 1157 754 1256 quibus
766 1159 901 1232 Ovidius
915 1162 948 1229 in
965 1159 1048 1247 Fati.
1060 1169 1093 1233 6.

104 1275 110 1278 ·
278 1255 365 1327 Tunc
380 1280 432 1354 ego
447 1282 496 1326 me
510 1259 639 1326 memini
653 1254 741 1332 ludos
755 1262 790 1324 iti
796 1262 942 1352 gramine
955 1262 1058 1360 campi

334 1355 481 1451 Aspicere
495 1368 543 1424 ω’
555 1351 620 1422 dici
636 1349 752 1423 lubrice
760 1353 853 1438 Tibri
869 1372 947 1424 tuos.

279 1450 368 1547 Festa
384 1450 452 1521 diet
465 1452 551 1539 illis,
576 1453 632 1546 qui
644 1451 714 1520 lina
728 1449 887 1521 madentia
903 1449 1023 1522 ducturo

333 1551 458 1645 Quique
470 1567 573 1644 tegunt
583 1551 695 1645 paruis
709 1571 768 1618 ara
783 1571 916 1619 recurva
926 1545 1014 1618 cibis.

137 1645 192 1716 De
215 1644 323 1720 iisdem
337 1644 459 1718 Pelius:
487 1647 650 1737 Piscatorii
664 1642 734 1713 ludi
746 1663 914 1730 monetur,
939 1649 993 1742 qul
1009 1647 1178 1741 quotannis
1193 1646 1288 1740 mense
1301 1643 1407 1740 Junit

113 1789 119 1802 ·
138 1762 227 1815 trans
239 1743 376 1815 Tiberim
385 1743 455 1844 pieri
467 1743 594 1834 {ulmea
610 1744 736 1810 Pratrre
751 1739 865 1814 urbano
875 1761 932 1840 pro
942 1739 1142 1833 Piscatoribur
1150 1741 1408 1838 Tiberinir,quo··

75 1871 78 1876 ·
140 1865 210 1911 rum
223 1839 344 1938 quatitur
355 1864 418 1909 non
433 1845 468 1910 in
483 1840 650 1910 macellum
658 1843 823 1938 pervenit,
843 1836 897 1930 [td
908 1839 975 1932 fere
992 1843 1026 1909 in
1041 1863 1147 1910 aream
1163 1841 1318 1927 Vulcani,
1327 1837 1408 1939 quod

140 1937 177 2009 id
186 1964 285 2035 genus
295 1938 507 2034 pisciculorum
521 1941 668 2006 vivorum
684 1935 779 2006 datur
791 1941 821 2006 ei
835 1938 906 2005 Deo
915 1957 971 2035 pro
986 1941 1102 2008 animis
1117 1935 1270 2008 humanis.

188 2040 233 2106 V.
257 2039 331 2110 Nec
346 2036 450 2106 minus
465 2057 596 2131 quoque
609 2059 627 2102 a
640 2025 724 2102 festo
740 2029 841 2104 differt
856 2035 957 2104 Fortis
971 2035 1195 2121 Fortunae,eui
1205 2031 1408 2106 extraurbem

1 2183 2 2188 κ
141 2130 310 2214 secundum
335 2130 483 2204 Tiberim
505 2131 576 2201 Rex
598 2131 721 2201 Servius
743 2130 872 2202 Tullius
895 2128 957 2201 boc
981 2127 1083 2200 mense
1097 2129 1206 2202 fanum
1220 2129 1411 2204 dedicaverat

1 2435 2 2439 ’
144 2421 248 2510 rabat,
273 2448 342 2494 cum

142 2253 245 2302 vrrr.
262 2229 461 2325 Cachulias,
487 2249 555 2324 quo
570 2223 639 2322 ipso
652 2251 744 2300 mccc
758 2249 914 2299 coronata
926 2251 982 2322 per
997 2223 1143 2297 'Iiberitn
1158 2231 1303 2302 convivia
1315 2231 1413 2324 agita-

143 2326 235 2412 tu
261 2321 1413 2522 attuntrr.brutaulisuruuurtsr

1 2510 2 2574 Ῐ
137 2522 279 2622 fluvium
294 2520 438 2592 lintribus
450 2517 524 2590 vehi
535 2523 637 2618 pollet,
663 2539 699 2589 ut
712 2544 749 2590 ex
766 2523 917 2592 Varronis
930 2519 985 2591 lib.
998 2539 1029 2616 ς.
1044 2517 1082 2588 te
1096 2524 1167 2593 LL.
1180 2525 1214 2590 &
1229 2519 1364 2589 Donato
1381 2539 1416 2587 rn

145 2617 360 2691 Phormionem
378 2619 533 2716 colligunt
546 2616 765 2714 antiquitatum
780 2619 996 2691 Romanarum
1012 2618 1200 2716 Scriptores,
1226 2614 1418 2713 cumprimis

146 2741 222 2794 vero
237 2741 276 2790 ex
292 2715 432 2792 Ovidior
458 2717 482 2789 l.
494 2740 522 2786 c.
1155 2800 1158 2804 ,

292 2815 402 2910 Quam
417 2819 481 2887 cito
491 2827 643 2886 verrunt
659 2817 796 2884 Fortuna
812 2818 917 2886 Fortis
930 2813 1077 2903 bonores,
1120 2823 1123 2835 '

345 2909 413 3000 tort
423 2913 535 3008 septem
550 2911 634 2979 lucer
648 2909 772 3006 Juniur
783 2911 869 2981 alius
885 2913 954 2982 erit.
1092 2972 1094 2978 ,

292 3015 362 3094 Ite,
388 3010 494 3080 Deam
507 3006 569 3076 lati
575 3007 694 3099 sortem
706 3005 854 3080 celebrate
868 3009 1015 3103 Quirites
1021 3059 1034 3097 ,

346 3109 388 3176 In
401 3104 523 3178 Tiberii
535 3106 608 3204 ripa
620 3126 753 3176 munera
765 3109 858 3201 Regis
872 3103 971 3176 babet.

296 3209 379 3281 Patr.
392 3201 486 3302 pede,
508 3224 584 3299 pars
598 3206 694 3274 ctiam
706 3205 800 3272 celeri
813 3201 964 3273 decurrite
977 3199 1100 3301 qnia,

350 3307 425 3374 Nec
436 3299 551 3401 pudeat
558 3317 648 3399 potos
663 3298 737 3369 inde
749 3299 852 3371 redire
864 3300 997 3369 domurn.

302 3404 393 3472 Ferte
408 3417 552 3471 coronata
565 3399 712 3478 iuvenum
725 3403 875 3468 cinomia
890 3398 1018 3483 lintres,

355 3499 529 3593 Multaque
540 3519 596 3596 ptr
613 3494 731 3564 medias
743 3497 823 3564 vina
836 3492 979 3566 bibantur
1032 3517 1097 3568 unt.
1122 3579 1126 3586 .

302 3594 483 3666 Plebs-colit
496 3593 596 3679 hanc,
624 3597 698 3687 quia
713 3601 764 3690 qui
776 3594 891 3693 peficit,
913 3591 953 3662 te
962 3595 1013 3690 pie
1030 3591 1148 3692 efuisse
1279 3623 1283 3637 ’

354 3697 466 3764 Fertur
479 3705 527 3763 (7⁴
539 3714 581 3761 etr
598 3687 834 3788 humilisceptra
847 3691 945 3785 tuliffe
957 3692 1033 3761 loco.

308 3795 462 3864 Convenit
478 3798 517 3874 ὠ·
528 3789 646 3883 βνὲε,
664 3787 760 3881 furva
775 3795 849 3888 prtia
863 3787 989 3859 Tullius
1004 3809 1107 3876 ortus,

358 3889 519 3986 Constituit
531 3885 626 3962 dulia
643 3887 758 3988 templa
769 3891 943 3990 propinqua
955 3889 1036 3960 Dee.

849 3989 1004 4056 Aaaaz
1198 4031 1203 4040 ·
1270 3981 1332 4057 Vi.
1356 3977 1431 4053 Inde
