3658 4728
396 222 478 335 378
566 209 1539 330 jorranwanniarmurmrnr

396 383 512 436 aterno
528 383 646 433 carcere
664 357 778 432 clausrt
803 357 984 456 Nunquam
999 382 1073 442 eos,
1098 358 1156 453 qui
1171 382 1208 427 ex
1225 353 1288 427 istis
1300 360 1333 428 X
1346 353 1490 427 tribubus
1503 353 1665 443 ortisunt,

437 463 532 530 trium
547 455 648 530 solum
661 459 787 530 reduces
803 477 942 550 excepit,
967 478 1025 524 nee
1042 479 1114 526 cum
1128 453 1242 550 judeis
1256 452 1663 551 unquamconjunslistmta

412 557 450 628 ed
466 546 547 628 inter
562 554 764 627 Barbararum
779 556 922 652 gentium
939 554 1089 647 imperia,
1114 555 1206 621 etiam
1221 549 1332 636 hodie,
1354 549 1449 648 srqui
1457 550 1554 621 adhuc
1567 551 1667 623 exilla

294 685 295 688 ¹
400 654 535 726 colluvie
550 650 715 749 supersint,
740 650 891 748 improba
905 644 1090 720 desectionis
1104 673 1212 747 graves
1280 673 1333 718 nas
1348 646 1518 720 exsolvunt.
1551 649 1665 720 Adeo-

401 751 514 848 quein
530 747 686 847 republica
699 748 882 840 Judaeorum
899 741 975 830 else,
1000 768 1053 816 aut
1073 747 1211 816 nominis
1225 673 1381 817 lisnorem
1398 743 1438 815 ab
1455 745 1515 815 illis
1529 747 1668 844 accipere

402 872 471 919 non
486 871 633 944 pontem,
660 849 718 944 qui
734 847 845 942 procul
857 842 896 914 ab
913 845 951 912 iis
967 842 1086 914 diverso
1101 846 1135 914 in
1152 842 1229 914 orbe
1242 841 1353 928 dissiti,
1367 841 1448 912 aliud
1465 842 1669 930 coelum,alia

405 940 508 1039 sydera
524 947 629 1015 intuiti
645 941 727 1015 sunt.
775 945 888 1013 Cetera
902 943 946 1010 in‘
957 939 1135 1011 Casauboni
1150 939 1342 1038 expositione
1358 935 1425 1009 satis
1442 941 1523 1009 reste
1539 966 1574 1011 ae
1589 965 1671 1012 con·

406 1065 485 1140 grue
502 1039 531 1111 se
548 1041 670 1113 habent.
699 1039 799 1132 Qiod
813 1036 993 1134 subjungis,
1019 1041 1137 1135 Langia
1162 1058 1208 1106 tot
1218 1057 1306 1108 erant
1318 1043 1352 1106 ἐπ
1364 1036 1496 1105 Galilaia
1505 1061 1544 1106 ac
1552 1037 1671 1130 Judaea

405 1144 601 1236 Benjomr’ta,
629 1158 700 1234 quot
715 1135 839 1232 Judaei,
864 1157 902 1203 oc
911 1139 996 1228 forta
1008 1137 1133 1236 plures,
1159 1135 1191 1205 id
1205 1159 1266 1233 ego
1279 1136 1369 1230 plane
1385 1157 1469 1230 nego
1478 1157 1512 1202 ac
1521 1156 1671 1233 pernego.

405 1235 533 1308 Multos
548 1231 637 1306 fuisse
653 1234 793 1306 concedo
808 1233 1009 1321 Benjatnitas,
1034 1234 1152 1302 multos
1165 1257 1297 1330 quoque
1313 1234 1452 1317 Lenos,
1475 1229 1675 1329 Judaeisper«

408 1333 537 1406 mixtos.
572 1329 694 1402 Falsum
709 1351 811 1402 autem
828 1327 889 1418 est,
916 1329 1003 1425 quod
1018 1330 1067 1398 vel
1084 1351 1134 1400 tot
1146 1325 1280 1416 fierint,
1306 1335 1387 1426 quot
1398 1326 1517 1419 Judaei,
1543 1330 1682 1426 velplu·-

407 1455 465 1504 res.
493 1438 532 1502 In
545 1427 672 1518 Juduiea
687 1432 771 1499 enim
783 1424 961 1522 Republica
976 1428 1109 1498 maxima
1121 1427 1255 1497 omnino
1263 1425 1596 1517 verorumJudaeorurn
1605 1452 1678 1524 pars

405 1522 479 1598 filit.
505 1528 622 1599 Levitae
635 1550 671 1596 ac
686 1526 881 1615 Beniamitae,
933 1524 965 1592 ui
981 1519 1012 1592 se
1025 1525 1084 1595 illis
1098 1519 1302 1608 sociaverant,
1327 1523 1674 1619 pauciorestenuiorts-

409 1647 474 1720 que
490 1619 592 1706 fuere,
620 1629 653 1694 &
666 1622 747 1694 nihil
759 1621 816 1693 nifi
830 1549 958 1691 accessio
976 1618 1090 1707 habiti,
1115 1617 1168 1691 seu
1182 1645 1242 1718 pro
1255 1618 1412 1692 adscititiis
1426 1617 1575 1691 estimati.
1609 1627 1677 1692 lta-

436 1746 474 1792 ue
491 1747 549 1793 nec
573 1715 758 1816 Respublica
774 1717 813 1789 ab
831 1718 890 1788 illis
904 1719 1143 1813 appellationem
1164 1723 1307 1814 accepit,
1340 1723 1373 1788 δι
1392 1715 1446 1812 ipsi
1462 1742 1541 1812 pene
1556 1743 1678 1792 nomen

409 1745 500 1894 Erum
516 1813 650 1894 amisere.
685 1817 807 1887 Omnes
822 1816 907 1886 enim
925 1817 1134 1886 communiter
1149 1815 1248 1909 Judaei
1263 1816 1337 1888 dieti
1352 1811 1448 1884 fuere.
1484 1815 1584 1904 Quod
1599 1817 1678 1886 ulti·

409 1940 470 1987 mo
486 1917 559 1988 loco
575 1915 714 2014 quaeris,
730 1911 875 2008 quidhoc
892 1911 935 1982 ad
947 1911 1103 1982 excidium
1121 1906 1422 2010 Hierosolymorum?
1447 1911 1531 1982 aeid
1546 1909 1677 2006 respon*

410 2010 491 2098 deo,
518 2012 605 2110 quod
622 2012 756 2085 mulmm
769 2012 904 2080 omnino
917 2007 953 2079 ad
971 2006 1081 2105 sceptri
1096 2035 1131 2080 ac
1146 2007 1304 2105 potestatis·
1319 2006 1405 2080 istius
1427 2005 1680 2081 celsattionemat-

409 2135 476 2207 que
493 2111 702 2180 remotionem
724 2106 786 2199 hoc
801 2103 901 2178 saciat
945 2105 1074 2179 Etiamsi
1089 2110 1173 2177 enim
1195 2104 1252 2177 sub
1267 2105 1405 2178 Herodis
1421 2133 1452 2177 re
1475 2131 1537 2190 no,
1564 2112 1603 2175 δι.
1613 2105 1679 2178 du·

410 2230 498 2279 rante
515 2204 631 2278 Christi
649 2209 682 2276 in
697 2230 788 2277 carne
805 2209 981 2292 ὅικονομίῳ,
1006 2204 1044 2275 ad
1061 2207 1220 2275 interitum
1241 2206 1432 2276 inclinaverit
1447 2132 1576 2302 iudaice
1592 2201 1679 2273 Res4

410 2303 562 2398 publica,
593 2301 747 2400 sceptrum
764 2325 866 2374 tamen
888 2306 924 2373 in¹
938 2323 1041 2373 totum
1059 2327 1125 2372 non
1142 2300 1284 2387 recellit,
1318 2327 1375 2373 nec
1390 2327 1422 2372 re
1446 2305 1529 2373 imen
1553 2302 1681 2398 penitus

411 2398 550 2472 ablatum
567 2400 628 2489 est,
655 2422 727 2472 ante
752 2425 823 2470 uam
840 2398 914 2472 urbs
934 2396 1215 2493 Hierosolymitana
1232 2398 1317 2470 finali
1334 2328 1547 2471 &miserando
1555 2399 1683 2471 excidio

412 2521 431 2570 a
444 2500 599 2576 Romanis
614 2498 713 2571 deleta
728 2426 751 2568 s

411 2616 476 2681 rat,
502 2593 641 2667 univerfi
657 2593 778 2693 judaici
795 2595 907 2691 populi
928 2590 1115 2690 Respublica
1129 2591 1270 2666 funditus
1284 2591 1381 2666 eversa
1396 2619 1430 2664 ac
1448 2591 1598 2666 destructa
1612 2591 1679 2681 est,

410 2714 470 2760 nec
487 2695 582 2764 ullam
597 2715 634 2764 ea
651 2716 692 2761 eo
709 2714 849 2787 tempore
865 2692 913 2763 vel
932 2688 1139 2780 majestatem,
1162 2694 1211 2766 vel
1228 2695 1430 2782 dorovopo‘ar,
1454 2717 1529 2789 gens
1545 2689 1600 2761 illa
1614 2689 1679 2761 ob·

412 2789 518 2862 tinuit.
553 2797 665 2888 Atque
679 2787 729 2858 hic
745 2785 844 2860 satalia
863 2789 913 2857 ille
930 2789 1047 2885 politiae
1062 2789 1195 2886 Judaicae
1211 2791 1365 2860 terminus
1377 2786 1460 2872 suit,
1486 2813 1583 2885 quem
1595 2787 1680 2859 divi-

414 2892 475 2966 njus
490 2891 589 2958 Vates
605 2909 675 2958 ante
692 2907 743 2958 tot
754 2882 853 2956 secula
867 2885 1067 2980 praedixerat,
1093 2889 1149 2982 qui
1167 2888 1237 2956 licet
1255 2884 1356 2982 ipsum
1366 2883 1385 2962 l
1397 2885 1503 2957 Sclrilo
1513 2887 1684 2958 adventum

413 3006 481 3054 non
498 2987 639 3080 proxime
662 2980 757 3054 fuerit
774 2987 942 3053 comitatus
948 3035 958 3068 ‚
985 2978 1024 3052 ab
1047 3007 1087 3052 eo
1100 3005 1202 3053 tamen
1218 2983 1292 3054 haut
1304 2985 1403 3082 longo
1419 2990 1569 3078 temporis
1585 2985 1682 3054 inter-

415 3081 498 3152 vallo
522 3077 675 3170 sejuneus
692 3077 817 3154 exstitit.
855 3079 966 3170 'Quod
983 3080 1069 3152 enirn
1084 3079 1121 3150 ad
1136 3079 1254 3152 Mcffiae
1270 3101 1387 3152 aetatem
1404 3079 1466 3151 lroc
1480 3081 1688 3176 pertinuerit,

374 3213 375 3216 ¹
417 3174 484 3340 {lpse
511 3177 658 3293 Claristuus¹
680 3177 1004 3344 M⁴⁸3ii'XXli'h³4'
1017 3182 1059 3290 ¹&
1081 3182 1158 3246 Luc.
1169 3181 1261 3290 Xlsl,
1275 3203 1327 3290 3²!
1352 3175 1520 3276 significare
1541 3178 1682 3289 videtur,

418 3281 1687 3468 ,llrlllllllillllise,ussl¹3lll¹l,i¹lss¹lssl‘a‘llllqlzlllli

417 3466 465 3536 itu
489 3493 506 3537 a
524 3464 553 3537 se
568 3469 727 3562 pradie‘la,
752 3471 927 3539 evenissent.
969 3469 1083 3565 Sitque
1100 3475 1133 3540 δι
1151 3466 1201 3538 hic
1219 3465 1425 3546 celeberrimo,
1441 3471 1568 3539 oraculo
1586 3493 1693 3548 evena

417 3581 467 3637 tus
488 3560 557 3636 satis
570 3567 674 3639 exarte
691 3560 856 3660 respondit.
900 3568 974 3637 Nos
989 3571 1051 3654 jam
1066 3563 1214 3636 illustrem
1230 3565 1308 3636 hanc
1322 3563 1520 3661 prophetiam
1535 3593 1553 3637 a
1567 3566 1683 3660 langii

415 3661 616 3758 corruptela,
642 3665 749 3758 inepto
771 3657 965 3758 glossemate,
990 3663 1085 3732 &ini
1112 3689 1149 3734 ua
1168 3666 1404 3762 oppugnatione
1425 3659 1494 3735 satis
1520 3661 1679 3736 vindicasse

416 3757 509 3826 nobis
533 3760 683 3832 videmur.
723 3756 852 3833 Sensum
866 3759 960 3855 ipfius
982 3689 1190 3854 planislimum
1212 3763 1384 3834 luculenter
1401 3759 1616 3859 exposuimus,
1643 3765 1690 3829 δι.

415 3877 632 3936 continentum
647 3858 877 3964 recutitorum,
911 3856 952 3930 de
970 3880 1072 3955 regno
1089 3855 1160 3954 post
1175 3856 1327 3956 Meffiam
1344 3885 1507 3958 nunquam
1525 3857 1679 4025 desitura(i

1140 3980 1141 3983 ¹
1257 3999 1261 4006 -
1636 3978 1654 4023 a

746 2500 800 2566 uit
828 2499 919 2568 Tum
936 2521 1011 2567 vero
1028 2501 1089 2566 una
1107 2521 1180 2568 cum
1195 2494 1290 2581 urbe,
1309 2522 1380 2594 quae
1392 2499 1495 2593 gentis
1503 2493 1678 2594 caput-fue-
