3580 4736
245 241 1141 370 HennnnntCort-ntttort
1277 261 1353 342 181

520 435 730 532 Cruor
795 435 926 548 xlv..

162 581 232 669 De
261 576 376 662 initio
394 571 437 663 ὅ
445 573 531 684 stne
549 575 808 690 Septuaginta
821 602 1004 658 annerum
1024 582 1280 691 captivitatis

263 689 528 798 Babylonia,
557 711 759 796 eorumque
779 713 863 768 cum
884 686 1042 795 historia
1060 693 1186 798 Baby-

443 791 632 882 iuniorum
648 794 795 908 Regum
814 795 1022 882 cointium.

195 985 273 1060 Nile
286 987 414 1058 initium
430 985 518 1082 capi,
536 987 571 1053 ἃ
594 980 650 1053 ubi
673 980 746 1054 finis
770 986 849 1080 poni
875 981 985 1057 debeat
1001 982 1192 1086 septuaginta
1207 999 1367 1061 a'nn'orunt·

99 1011 194 1168 U
221 1082 373 1158 seruinnis
388 1080 602 1176 Babylonica,
622 1105 668 1152 res
685 1077 730 1151 est
746 1077 826 1152 haud
844 1107 952 1180 parum
972 1081 1075 1156 derisu
1090 1084 1234 1160 difficilis.
1285 1089 1368 1158 Non

96 1185 136 1260 de
151 1183 216 1256 fine
230 1203 356 1280 agemus
370 1181 516 1276 primurn.
1357 1219 1361 1228 =

146 1281 294 1378 Scaligeri
308 1277 436 1375 quidam
452 1272 613 1348 sestatores
627 1275 717 1350 illurn
732 1279 923 1350 connestunt
932 1304 1006 1352 eum
1015 1305 1098 1352 anno
1107 1277 1362 1379 peri'odi'Julianoe

100 1381 208 1475 4183.
235 1376 314 1472 Cyri
328 1371 441 1445 Persici
456 1376 542 1539 regni
551 1372 696 1446 vicesimo
709 1399 815 1463 nono,
832 1378 889 1473 qui
897 1373 934 1445 srt
942 1377 1079 1450 decimus
1087 1377 1157 1474 post
1165 1377 1320 1450 devictum
1330 1378 1370 1446 in

98 1473 279 1548 Nabonirlo
295 1495 427 1568 regnum
444 1473 488 1542 Bar
510 1471 650 1566 yloniutn
660 1525 670 1557 ‚
680 1472 826 1572 idemque
841 1469 1031 1544 liberationis
1048 1480 1167 1571 primus
1185 1471 1369 1546 aservitutee

101 1571 204 1664 Quod
218 1593 315 1640 omne
331 1568 375 1639 est
386 1563 505 1638 falsum.
557 1569 670 1640 Primo·
682 1571 768 1639 enim
784 1572 879 1640 Sacrae
896 1569 988 1642 literae
1003 1567 1257 1670 septingelimum
1275 1571 1371 1640 illurn-

101 1693 222 1741 annum
237 1664 277 1736 ab
295 1691 378 1736 anno
394 1663 585 1734 liberationis
601 1687 656 1762 per
671 1665 792 1762 Cyrum
809 1663 918 1738 diserte
926 1663 1129 1766 distinguunt.
1151 1669 1364 1764 2Paralipom.

106 1789 222 1836 xxm.
234 1787 288 1833 21.
316 1769 365 1833 vr
379 1763 576 1858 compleretur
586 1767 681 1850 sermo
697 1769 830 1834 Domini
843 1788 883 1832 eu
899 1787 949 1832 ure
965 1763 1134 1864 Jeremiae,
1170 1763 1373 1835 &celebra-1

106 1882 156 1933 ret
169 1857 404 1954 rmasatbnha
413 1861 490 1951 fiee:
508 1857 624 1928 cuniiir
641 1863 724 1932 enim
748 1857 859 1956 diebus·
874 1857 1069 1956 deselationis
1091 1866 1153 1961 egit
1167 1858 1367 1955 fiibbetlr'um,

105 1961 196 2058 uppue
209 1957 284 2028 dum
299 1959 517 2060 complerentur
529 1959 558 2045 se
579 1960 722 2056 maginni
737 1963 824 2028 unni.
874 1962 975 2029 Anne
991 1982 1093 2030 aurem
1103 1964 1206 2062 primu
1226 1965 1299 2058 cyri
1316 1983 1366 2027 re*

102 2063 157 2155 gir
176 2057 352 2150 Persarum,
369 2051 415 2123 mi
426 2055 532 2151 explen
555 2077 606 2122 um
616 2059 783 2147 sermenem
796 2057 947 2140 Domini,
965 2083 1052 2152 quem
1066 2062 1181 2126 locutus
1189 2057 1297 2150 suerat
1312 2077 1368 2153 per

111 2180 145 2223 es
157 2153 320 2249 Jeremr'ae,
338 2151 499 2242 fiesciruvit
516 2151 673 2220 Dominus
681 2151 825 2248 spiritum
841 2157 915 2250 Cyri
929 2159 1010 2249 regis
1029 2159 1195 2250 Persarum.
1229 2153 1369 2250 jeremiae

108 2277 180 2322 xxv.
204 2273 257 2322 11.
285 2255 327 2318 Et
344 2273 444 2317 umner
452 2247 559 2344 gemet
575 2246 632 2340 iste
643 2247 780 2346 sentient
795 2253 861 2348 regi
877 2251 925 2317 Be
961 2251 1041 2317 linis
1049 2251 1242 2348 septuaginta
1266 2259 1368 2318 annis.

106 2353 248 2440 Cumque
265 2347 384 2458 impleti
392 2347 515 2438 fuerint
524 2344 557 2436 [e
577 2350 718 2440 tungintu
735 2351 813 2416 unni
822 2349 935 2441 ,vefita
954 2372 969 2413 o
978 2343 1067 2444 fieper
1083 2353 1183 2442 regem
1194 2343 1371 2443 Babplinir.

108 2444 253 2514 Danielis
270 2465 363 2512 ettam
383 2465 431 2510 rr.
445 2463 474 2510 t.
493 2366 650 2526 scribitur,
667 2441 871 2540 complendos
892 2437 949 2510 esse
975 2438 1004 2512 se
1019 2445 1164 2542 tunginta
1181 2467 1289 2513 annos.
1339 2439 1374 2511 Si

109 2541 377 2635 eompletiautem
397 2533 525 2607 fuerunt
540 2539 613 2608 anni
629 2537 836 2635 leptuaginta,
863 2563 960 2610 annus
978 2468 1166 2610 liberationis
1182 2565 1236 2636 per
1251 2539 1373 2634 Cyrum

112 2640 255 2733 proxime
263 2623 669 2730 demumestconsequutus.
697 2636 859 2720 Secundo,
871 2633 1039 2707 adversatur
1047 2640 1140 2708 etiam
1150 2639 1247 2720 Sacris
1261 2638 1375 2722 literis,

110 2737 270 2830 integrum
295 2727 609 2802 decennium'linralle
624 2731 835 2828 captivitatem
851 2729 920 2830 post
937 2735 1109 2829 potentiam
1130 2722 1377 2828 Babyloniorum
1441 2785 1451 2798 ,

111 2836 174 2922 jam
190 2826 336 2900 sublatam
350 2853 369 2898 e
386 2827 500 2898 medio.
517 2829 657 2895 Serviunt
669 2831 723 2918 (ait
737 2819 897 2924 lerenius)
909 2851 1014 2926 genter
1025 2829 1153 2926 r'pieregi
1163 2829 1377 2928 Babylonisfm

110 2935 277 3025 ptuaeginta
294 2930 411 2995 annisi
429 2942 555 3018 memque
570 2925 690 3023 impleti
706 2925 829 3018 suerint
839 2929 1033 3028 septuaginta
1051 2921 1376 3024 enni‚uisitabefieper

112 3051 213 3122 regem
231 3022 403 3122 Babylonis.
453 3022 654 3116 Septuaginta
668 3023 772 3120 itaque
786 3023 874 3091 annis
889 3023 948 3091 illis
966 3021 1148 3118 captivitatis
1163 3018 1377 3115 salvafiritpo·

113 3126 212 3192 tentia
237 3118 482 3214 Babyloniorum
504 3141 623 3214 regum.
674 3118 815 3201 Tertio,
849 3113 1012 3189 absurdum
1039 3116 1107 3202 est,
1133 3113 1258 3214 Judaeos
1281 3117 1385 3186 aliurn·

113 3243 232 3290 annum
248 3218 327 3311 Cyri
344 3217 480 3310 primurn
496 3209 651 3309 appellasse
668 3237 767 3311 quam
778 3237 867 3297 eum,
916 3238 961 3282 uo
977 3215 1028 3284 ille
1045 3212 1179 3312 Judaicae
1193 3215 1280 3308 genti
1290 3215 1376 3284 ince-

115 3320 162 3413 pit
180 3318 339 3412 impilm.
390 3313 538 3410 Vulgatls
552 3307 786 3408 sarre‘loquendi
803 3316 872 3380 inos
888 3237 919 3381 ib
935 3308 1147 3405 haudpatitur.
1199 3309 1297 3382 Certe
1309 3311 1379 3382 Da-

116 3415 179 3484 niel
196 3415 319 3482 illuma
344 3408 490 3504 Scaligeri
510 3403 622 3477 alleclis
645 3404 836 3503 defignatum
859 3429 977 3478 annum
999 3429 1065 3478 non
1088 3408 1217 3506 agnovit
1240 3410 1386 3504 primum

116 3511 203 3605 Cyri.
221 3512 382 3581 Memorat
398 3507 484 3574 enim
501 3505 553 3573 ille
566 3519 721 3602 cepnrsts·
735 3505 860 3574 tertium
874 3525 994 3574 annum
1011 3505 1088 3599 Cyri
1098 3534 1106 3574 ε
1117 3526 1301 3575 comantem
1311 3505 1389 3598 Cy-⁴

116 3633 168 3678 rus
182 3609 330 3676 omniurn
346 3623 485 3673 veterum
503 3597 658 3672 consenso*
666 3599 837 3700 regnaverit
861 3619 983 3672 tantum
1008 3625 1105 3674 annos
1131 3603 1283 3698 triginta:
1318 3597 1380 3673 sive

116 3705 250 3776 eundem
268 3703 345 3775 uelis
360 3697 418 3770 elle
433 3723 506 3770 cunr
522 3699 679 3797 Scaligero
695 3721 813 3770 arrnrnn
828 3697 975 3771 ultimum
991 3701 1173 3796 captivitatis
1190 3720 1262 3766 curn
1278 3698 1391 3792 primo

117 3799 308 3876 liberationis
318 3851 328 3883 ‚
339 3795 401 3871 stre
416 3793 683 3895 diversmniquod
699 3797 864 3893 scriptum
880 3793 939 3867 elle
955 3793 1380 3880 conlentaneum,modode.

117 3895 382 3983 montannos,
407 3893 550 3992 adeoque
567 3889 591 3966 st
606 3917 704 3995 annttu
719 3891 909 4068 h'bttatiogis
924 3899 959 3965 δι
978 3892 1056 3988 Cyri
1072 3893 1209 3990 primus,
1219 3893 1382 4064 Sggipaturae
