3658 4728
407 227 489 316 350
578 199 1534 314 JournwsnnntrnrDrtrntnr

407 351 526 427 ferebat
543 347 632 436 sciri,
657 351 784 448 quando
806 372 941 422 eronuta
966 348 1022 422 ista
1038 350 1276 446 comparassent,
1302 347 1377 420 ideo
1392 356 1514 438 alapisve
1527 356 1605 430 illud
1616 366 1673 432 exi
1719 415 1722 422 ,

405 453 540 552 preslum
554 445 611 518 est.
660 451 711 518 Sic
725 445 855 520 aoristtu
869 446 978 544 sepitis
995 474 1054 544 pro
1070 443 1375 545 plusquampersedlo
1391 453 1540 544 ponitur,
1565 462 1674 526 &no-

407 571 454 620 tat
470 547 520 633 id,
547 544 634 644 quod
646 567 717 615 ante
732 547 914 643 contigerat.
943 545 1068 616 Manli.
1082 549 1176 631 XIV,
1190 567 1219 636 3.
1237 547 1336 620 ἔδησεν
1354 546 1446 614 αὐτὰ
1462 574 1527 620 non
1543 552 1671 640 vitrairg

407 643 461 718 sed
475 651 622 716 vinxerat
638 668 705 712 annu
720 645 832 714 tostius
846 646 1065 742 interpreteris.
1091 649 1137 713 lta
1152 648 1186 713 dt
1201 640 1278 712 illud
1287 641 1405 712 Maeeth
1427 648 1565 733 XXVII,
1578 673 1608 718 2.
1619 649 1674 729 δῆ-

404 771 511 814 earm
535 741 615 810 aelii
637 741 821 836 capiendum
842 739 920 828 elle,
944 767 992 812 res
1007 738 1071 837 ipsa
1088 740 1239 838 loquintr.
1265 737 1398 810 Senibus
1410 767 1541 842 quoque
1557 748 1668 818 Helle-

405 839 494 911 nillis
514 834 796 936 frequentilsunutn
811 837 844 909 id
861 835 919 910 elle
935 864 1031 908 nemo
1047 834 1151 908 nescit.
1199 838 1317 932 Sicque
1337 838 1464 909 Marcus
1479 841 1535 912 hec
1550 845 1670 916 ratione

402 939 573 1033 explicatus
595 959 654 1006 nec
676 931 829 1008 diversum
844 963 862 1006 a
879 939 966 1007 Luca
981 935 1102 1032 prodit,
1128 957 1186 1004 nec
1200 937 1323 1030 Lengio
1338 937 1404 1004 ullo
1418 937 1516 1010 modo
1531 945 1670 1035 patroci-

407 1057 509 1106 natuta
536 1039 609 1104 lmo
625 1036 824 1128 interpretem
841 1034 943 1104 Marci
960 1031 1068 1103 diserte
1082 1034 1150 1130 agit
1165 1035 1266 1102 Lucas
1281 1055 1309 1100 c.
1319 1035 1441 1118 XXIV,
1457 1035 1671 1112 ndumverba

306 1181 316 1214 a
406 1139 475 1222 ejus
490 1134 533 1202 ita
548 1130 825 1226 circumloqultur:
841 1127 935 1208 ἦλθον
953 1130 1008 1197 llll
1023 1129 1058 1200 ci
1066 1141 1190 1220 μνῆμα,
1201 1138 1326 1215 onaan
1338 1125 1359 1198 οἳ
1368 1132 1532 1220 ἡτοίμασαν
1541 1141 1562 1198 s'
1565 1137 1674 1227 ρώμα-

405 1259 460 1300 ra.
487 1228 566 1298 Illud
581 1231 746 1315 ἡτοίμασαν
755 1249 812 1322 per
820 1246 1070 1327 preparaverant
1083 1225 1274 1299 reddendum
1288 1223 1365 1312 else,
1391 1233 1591 1301 &connexio
1600 1237 1684 1306 ver-'
1713 1305 1731 1328 ,

407 1325 525 1397 borum
545 1324 655 1410 dotet,
681 1330 716 1394 dc
740 1329 925 1420 interpretes
950 1323 1093 1421 probans
1135 1327 1227 1419 Synts
1244 1347 1397 1408 tinum,
1426 1327 1618 1400 Tremellius
1632 1355 1670 1404 ac

407 1423 878 1521 Benquaparaverantfflelgss
893 1421 952 1500 uie
961 1419 1002 1517 sp
1012 1423 1287 1521 bmptlluflflm
1296 1437 1310 1505 Ι
1320 1424 1672 1524 Diodatihaveanapre·
1810 1449 1812 1454 '

402 1521 902 1710 ζίῑίἒᾟὶιιεῇῑιᾚιριεάῗρᾝτᾙ
918 1541 1097 1686 pfflffi
1114 1515 1366 1688 elldTaDsiedditi
1382 1523 1673 1708 ssaelyilaiednffl

407 1717 438 1785 ei
460 1715 680 1785 convenienter
703 1714 798 1783 vertit
812 1711 952 1782 havendo
966 1719 1153 1816 comparari,
1179 1714 1275 1813 idque
1293 1713 1411 1786 fitium
1429 1715 1513 1788 addit
1529 1720 1611 1786 nelle
1624 1743 1672 1788 rre

406 1817 516 1883 ultime
540 1809 611 1880 hore
634 1811 687 1879 del
705 1815 835 1906 giorno,
859 1813 911 1881 nel
955 1813 1025 1881 nale
1038 1814 1065 1881 il
1083 1815 1208 1907 Sr'gnrre
1217 1813 1259 1906 fu
1275 1810 1437 1906 crncifissr,
1461 1839 1535 1884 eum
1551 1839 1619 1912 quo
1635 1822 1671 1888 δι

406 1911 461 1982 Bel
533 1907 678 2002 Synodici
700 1907 840 2002 apprime
863 1840 1069 1980 consentiunt.
1120 1907 1205 1978 V-ide
1228 1933 1360 2008 quoque
1383 1908 1537 1984 Gerlrard.
1552 1921 1669 1984 Harnr.

407 1933 526 2100 renisa.
541 2029 570 2074 e.
583 2029 611 2073 1.
629 2011 663 2074 δι
678 2003 835 2076 Grotium
851 2005 889 2075 ad
904 2005 936 2076 h.
952 2009 978 2076 t.
1711 2091 1715 2102 ι

457 2099 604 2172 Succeffit
618 2097 694 2172 feria
709 2097 835 2196 septima
850 2099 904 2172 seu
919 2099 1103 2187 Sabbatum,
1128 2097 1191 2198 ipsa
1207 2100 1340 2176 Paschdi
1356 2103 1536 2178 solennitate
1552 2107 1671 2178 ttunil-

405 2197 516 2284 lullre,
542 2197 631 2296 quod
647 2201 790 2269 Servatur
807 2199 840 2268 in
856 2221 1083 2284 monumento,
1110 2201 1253 2270 mulieres
1270 2203 1390 2274 devotae
1406 2205 1519 2302 aliique
1538 2204 1668 2291 motio,
1798 2289 1801 2295 1

404 2320 509 2372 totum
527 2293 744 2395 transegenmt.
787 2293 956 2368 Pontifices
969 2319 1074 2368 autern
1088 2303 1123 2366 δι
1144 2294 1282 2368 Pherisaei
1292 2298 1356 2371 *hoc
1376 2300 1443 2384 die,
1469 2325 1565 2397 quem
1582 2301 1672 2371 Mat-

374 2421 376 2426 *
407 2393 504 2467 lltoeus
520 2393 572 2471 rrlr
589 2387 744 2482 ἐπαύριον,
763 2389 824 2468 ritus
842 2398 883 2466 tel
896 2395 982 2484 perci
995 2393 1046 2468 rrlr
1064 2399 1255 2476 referserit
1270 2419 1337 2488 cap.
1346 2402 1487 2482 XXVII,
1496 2407 1552 2466 62.
1563 2399 1671 2493 appel-

404 2495 447 2566 lat
455 2545 465 2578 ‚
492 2488 654 2562 Ptaefidenr
667 2497 729 2558 uita
744 2487 944 2577 accesserunt,
970 2498 1004 2562 δι
1022 2492 1130 2589 vigiles
1141 2516 1200 2588 pro
1215 2489 1354 2588 sepulcro
1371 2491 1671 2592 eustodiendollagi·
1764 2563 1768 2569 .

404 2608 532 2670 terunt,
566 2611 606 2655 ne
622 2611 640 2655 a
655 2585 809 2679 discipulis
823 2582 936 2658 scilicet
953 2587 1098 2660 Christus
1113 2585 1313 2684 surriperetur
1328 2643 1340 2676 ,
1373 2598 1504 2688 quos&
1522 2593 1670 2684 impetra-

404 2707 487 2758 runt.
521 2679 636 2776 Elapso
652 2703 756 2753 autern
775 2679 910 2754 Sebbato
924 2685 1049 2782 duplice
1066 2685 1217 2783 religione
1233 2687 1354 2772 saneto,
1381 2689 1524 2758 mulieres
1541 2711 1616 2756 mox
1630 2688 1668 2760 ad

403 2801 648 2854 monumentum
663 2774 854 2851 revisendum
871 2777 902 2851 se
919 2783 1130 2854 accinxerunt.
1158 2783 1325 2855 Mattheus
1334 2785 1364 2855 id
1376 2789 1432 2859 ὀψὲ
1444 2785 1610 2853 anetem
1620 2781 1668 2854 fa:

308 2897 311 2903 ·
405 2883 492 2951 steen
507 2875 667 2976 perhibet,
692 2901 762 2975 que
778 2875 891 2970 phrasis
905 2879 983 2978 quid
999 2901 1105 2968 notet,
1131 2879 1219 2976 supra
1235 2905 1262 2948 c.
1273 2885 1328 2949 VI.
1337 2878 1542 2954 ostendimus.
1567 2880 1667 2974 Quod

402 2975 479 3048 feria
493 2978 591 3072 prima
608 2978 687 3046 circa
701 2975 875 3046 diluculum
891 2979 929 3046 ad
943 2975 1117 3072 sepulcrum
1134 2981 1345 3074 pervenerint,
1360 2982 1507 3050 omnium
1520 2981 1668 3076 Euange-

403 3073 538 3146 listarum
553 3074 686 3144 nanutio
700 3072 802 3144 docet.
826 3075 1000 3146 Venientes
1011 3097 1113 3145 autem
1124 3073 1287 3144 Christum
1294 3081 1355 3162 jam
1364 3073 1667 3171 resurrexilledepre·

400 3170 635 3255 henderunt,&
651 3167 690 3240 ab
706 3172 835 3267 Angelo
852 3171 882 3242 id
891 3173 1058 3242 nunciante
1066 3169 1256 3241 confirmate
1264 3167 1343 3240 sunt.
1371 3173 1511 3243 Reverso
1519 3169 1663 3268 Aposto-

402 3271 439 3338 lis
454 3268 530 3351 illud
546 3269 731 3348 tetulerunt,
747 3293 805 3337 nec
820 3291 922 3339 tamen
939 3263 1163 3364 persuaserunt,
1180 3275 1243 3338 &o
1269 3269 1663 3341 DeceterisadHistoriam

401 3364 552 3436 Peffionis
577 3371 609 3433 δι
635 3361 880 3436 Resurrectionis
897 3363 1123 3462 pertinentibus
1146 3365 1313 3463 disquirere
1336 3365 1375 3435 ab
1399 3365 1542 3438 instituto
1556 3363 1665 3438 nostro

402 3465 537 3536 alienum
561 3456 679 3531 soret·
704 3463 786 3532 Non
806 3465 890 3532 enim
915 3485 1188 3548 commentamur3
1223 3459 1272 3532 sed
1291 3485 1405 3536 contra
1422 3467 1581 3562 Langium
1608 3459 1668 3534 dis-

400 3585 556 3660 putamus.
583 3561 656 3628 Nec
673 3557 832 3629 uiatribes
849 3562 997 3658 angustis
1014 3563 1154 3658 prolixos
1172 3585 1230 3631 nos
1239 3557 1298 3630 else
1306 3563 1476 3658 patiuntur.
1504 3558 1668 3634 Christum

402 3659 453 3730 die
470 3659 550 3729 Solis
568 3651 620 3726 seu
636 3655 713 3727 feria
729 3656 829 3750 prima
848 3657 1056 3730 relulcitatum
1067 3655 1669 3758 else‚nemoChrillianusunquamne·

400 3759 493 3852 gavit.
520 3753 704 3853 Langiusid
721 3748 823 3848 ipsum
838 3779 903 3826 non
918 3757 1286 3829 coneeditrnodozsed&
1297 3753 1426 3852 operose
1434 3755 1555 3852 probat.
1582 3759 1669 3828 Sicut

399 3875 501 3923 autem
517 3854 582 3926 dies
600 3853 680 3924 Solis
697 3849 905 3950 airasainpm
922 3852 1002 3948 fuit,
1030 3858 1074 3927 ita
1090 3855 1179 3955 quod
1193 3856 1258 3928 dies
1274 3856 1408 3930 Veneris
1425 3878 1485 3928 ceu
1500 3851 1666 3928 feriasexta

1588 3977 1665 4028 suu·
