3658 4726
408 239 490 330 442
661 197 1377 301 Gronaumcsrsnssamas

459 359 514 434 Ad
522 355 753 462 utrumque,std
762 337 847 426 sard
857 353 1319 453 spaddrtgmrcspondebimus.
1334 351 1514 426 Ananelum
1523 351 1618 450 igitur
1626 341 1677 417 vel

410 459 449 534 de
473 485 585 558 genere
616 460 818 556 judaicorum
842 449 930 526 fuisse
946 451 1158 540 Pontificum,
1183 453 1233 524 vel
1249 450 1326 522 iilud
1342 446 1471 550 usquam
1488 445 1676 544 sciiptorutu

408 553 537 630 suorum
552 553 715 653 prodidisse
732 575 900 653 negamus,
925 553 1075 624 Flavium.
1102 557 1140 621 ln
1151 545 1370 648 antiquissimis
1383 548 1468 619 enim
1482 542 1678 645 Josephioo-

410 654 533 726 dicibus
548 676 650 725 totam
666 651 764 736 hanc,
790 675 886 749 quam
905 649 1004 722 modo
1019 648 1225 735 adduximus,
1251 645 1430 737 neptrasiis,
1458 647 1535 716 olim
1545 665 1612 713 non
1621 663 1679 710 ex-

410 747 515 823 llitiss'e
534 752 606 824 inde
624 747 783 822 manifeste
800 749 977 846 colligitur,
1003 745 1090 846 quod
1106 749 1140 818 in
1156 742 1270 816 Rufini
1279 741 1463 818 versionede
1479 743 1530 813 illa
1542 763 1600 812 nec
1615 763 1678 811 ro-

411 847 457 935 la,
484 849 573 948 quod
590 848 721 933 dicitur,
746 871 803 918 nec
819 843 985 942 vestigium
1003 867 1040 941 ap
1055 865 1152 926 areat.
1179 845 1405 941 Sprengenius,
1431 847 1465 911 δι
1481 841 1677 920 Mentzerus,

411 949 469 1042 qui
494 945 615 1018 codices
637 945 770 1017 Graecos
792 942 955 1040 diligenter
975 965 1015 1011 co
1051 937 1156 1012 uluilse
1171 939 1333 1025 dicuntur,
1359 933 1530 1049 agnoscunt
1544 932 1678 1044 quidem

410 1041 769 1224 serrarum,
783 1037 837 1207 fr
851 1033 1168 1208 rillrlmr
1181 1030 1679 1232 rarrufssuruur

413 1237 484 1328 [aaa
501 1247 565 1315 aus
589 1245 661 1314 satu
686 1231 866 1331 &stolidam
887 1233 1012 1317 Baitia
1026 1233 1380 1328 inuasffiabalsaiidrc
1394 1229 1478 1312 {aas
1491 1230 1682 1336 hursutgge·

410 1334 518 1431 suhart
543 1343 674 1413 tastum
694 1335 780 1426 stubi
804 1337 870 1408 uas
893 1333 932 1423 iu
952 1333 1032 1425 auti)
1051 1331 1150 1426 sitiet
1168 1333 1331 1402 ananelus
1346 1345 1410 1409 aaa
1425 1326 1543 1422 isidam
1558 1327 1678 1422 {rauca

411 1432 539 1529 uitatis!
564 1438 629 1509 aas
642 1431 875 1526 assiduarum
891 1431 1036 1520 bauria
1058 1441 1152 1526 auter
1173 1430 1342 1512 uiduata
1358 1426 1516 1525 asurim
1538 1427 1679 1497 Nonle·

352 1593 355 1602 .
413 1547 526 1628 gerunt
545 1532 650 1629 iraque
662 1529 754 1602 verba
770 1530 819 1600 illa
837 1532 1034 1620 ἀρχιερωτικὲ
1046 1537 1140 1618 ysaac.
1246 1551 1248 1554 ·

462 1637 610 1702 l’raetcrea
637 1625 907 1710 commissionis,
934 1649 1003 1725 quac
1022 1624 1073 1696 hic
1098 1625 1355 1724 deprehenditur,
1383 1623 1571 1722 implicatio,
1597 1619 1678 1717 quid

410 1726 492 1797 aliud
509 1751 604 1824 quam
613 1727 662 1798 vel
678 1723 815 1812 aaran,
840 1725 888 1794 vel
898 1717 1250 1820 corruptaescriptionis,
1298 1717 1615 1799 raesesertindicium.
1640 1721 1678 1792 Si

410 1846 519 1894 verum
536 1821 598 1908 cst,
621 1821 707 1921 quod
723 1815 877 1920 Josephus
892 1823 1036 1920 reliquit,
1062 1822 1243 1894 Anaarelum
1258 1749 1346 1892 liiiile
1362 1828 1394 1889 ἐκ
1405 1827 1463 1890 τῶν
1474 1819 1678 1910 ἀσημοτέρων,

409 1921 432 1990 i.
455 1945 483 1990 e.
506 1919 674 1992 obscurum
699 1943 784 1991 terra
805 1915 1000 2012 Babylonica
1023 1915 1145 2004 filium,
1171 1921 1282 2016 utique
1306 1914 1416 1989 salsum
1439 1921 1513 2008 erit,
1539 1914 1677 1986 eundem

412 2013 502 2086 fuisse
528 2023 561 2086 ἐκ
581 2025 620 2086 ssi
638 2022 839 2108 ἄρχιερατικέ
864 2021 967 2106 pirus,
992 2015 1080 2114 quod
1102 2017 1183 2114 apud
1205 2016 1330 2113 Judaeos
1347 2013 1484 2113 semper,
1508 2009 1677 2112 praesertim

410 2137 486 2184 vero
511 2115 570 2186 illis
595 2113 815 2212 temporibus,
843 2111 1090 2203 ἐπισημέτατον,
1117 2117 1138 2183 i.
1165 2139 1192 2185 e.
1219 2111 1474 2199 illustrissimum,
1498 2114 1677 2209 liegiaeque

342 2287 345 2294 y
412 2209 536 2304 prorsus
557 2211 715 2310 dignitatis
733 2235 804 2284 erat.
857 2209 985 2282 Deinde
1002 2209 1146 2282 hactum
1164 2207 1224 2294 est,
1251 2211 1338 2309 quod
1354 2209 1507 2309 josephus
1522 2209 1584 2281 hoc
1605 2207 1679 2305 ipso

410 2308 600 2406 paragrapho
627 2307 777 2383 tradidisse
790 2309 923 2395 dicitur,
947 2310 1127 2379 Ananelum
1144 2305 1233 2379 fuisse
1247 2313 1283 2376 ἐκ
1297 2309 1478 2404 ἐπιχώριον,
1502 2303 1552 2378 sed
1567 2309 1678 2379 exiliis

408 2401 541 2500 judaeis,
568 2409 624 2505 qui
645 2407 684 2478 ab
701 2407 831 2500 Assyriis
848 2407 926 2476 olim
942 2407 1023 2476 ultra
1037 2403 1228 2500 Euphratem
1245 2403 1370 2480 abducti
1388 2403 1535 2478 fuerunt:
1560 2407 1609 2476 uti
1635 2431 1677 2476 ue

409 2500 518 2573 salsum
535 2507 608 2591 erit,
635 2505 723 2574 illum
739 2499 827 2573 fuisse
843 2528 880 2573 cx
897 2527 1008 2602 genere
1025 2499 1218 2575 Pontificum
1232 2499 1453 2600 judaicorum,
1480 2505 1536 2600 qui
1552 2521 1589 2574 ut
1603 2431 1674 2600 sap.

410 2603 487 2693 Cap.
498 2605 558 2670 VI.
575 2625 613 2670 ex
630 2603 727 2671 Sacris
742 2599 1037 2687 demonstravimus,
1062 2599 1140 2670 adeo
1156 2626 1221 2671 non
1238 2597 1367 2672 fuerunt
1383 2597 1540 2674 consortes
1549 2597 1675 2697 aposta-

407 2695 461 2765 tici
477 2699 565 2795 regni
582 2695 753 2778 israelitici,
780 2719 816 2766 ut
831 2721 871 2767 ue
888 2699 1016 2767 minima
1033 2696 1161 2793 quidem
1170 2700 1348 2770 leviorum
1355 2695 1577 2773 familiainillo
1584 2723 1676 2768 man·

407 2787 479 2863 serit
493 2793 621 2866 residua.
671 2795 772 2883 Quod
786 2817 860 2866 cum
877 2795 988 2892 igittrr,
1013 2797 1116 2866 virum
1124 2793 1356 2892 graviihmurn,
1382 2793 1676 2894 prudentishmum·

406 2913 470 2986 que
485 2891 628 2962 Flavium
642 2889 817 2988 Joscphurn
833 2912 896 2962 tam
912 2887 1131 2962 manifestarias
1147 2896 1372 2984 sraasroaays‘as
1388 2893 1479 2965 fimul
1496 2889 1675 2990 protulisse,

408 2989 481 3058 citra
505 2991 690 3060 calumniam
704 2989 827 3059 ailerere
844 3013 910 3059 non
925 2986 1104 3085 possumus,
1129 2984 1281 3062 fateamur
1297 2993 1413 3063 necesse
1429 2989 1490 3078 est,
1516 2989 1601 3061 illam
1615 3019 1675 3062 πε-

405 3083 528 3178 qrtemh
547 3087 596 3158 vel
610 3085 758 3171 notham,
782 3085 832 3158 vel
846 3106 1025 3183 corruptam
1041 3081 1117 3156 esse:
1143 3089 1176 3157 Si
1188 3091 1274 3184 prius
1291 3091 1524 3185 amplestimur,
1551 3085 1675 3178 ὁμόψη-

407 3195 468 3278 φον
489 3181 603 3255 habere
624 3181 786 3281 possumus
808 3181 983 3270 Rufinum,
1010 3190 1045 3255 δι
1069 3183 1275 3280 quoadverba
1289 3185 1504 3272 controversa,
1528 3187 1673 3259 sudores

406 3277 556 3353 versionis
570 3281 788 3353 Germanica:
812 3275 859 3350 lin
874 3278 1047 3376 posterius,
1073 3284 1248 3378 negativam
1266 3283 1405 3356 excidisse
1418 3282 1587 3356 dicendum
1601 3287 1673 3372 erit,

381 3375 384 3382 ’
406 3395 469 3498 pua
493 3374 640 3464 restituta,
657 3380 763 3450 omnis
775 3374 890 3448 sublata
906 3381 965 3449 erit
980 3376 1194 3451 contradidio.
1220 3375 1423 3454 scribendum
1440 3385 1549 3478 igituir
1570 3382 1672 3454 'Earn

407 3503 438 3553 ην
460 3473 653 3557 'sedunum
679 3481 716 3543 dr
745 3479 946 3570 ω’ςχᾱερατικέ
963 3482 1064 3570 ysaac,
1090 3475 1139 3568 ’lsi
1160 3474 1263 3548 raihna
1279 3479 1365 3551 sard
1381 3483 1541 3559 συνήθειαν
1554 3479 1673 3578 Ἡρῶδῃ

404 3570 664 3664 malagmam».
692 3574 734 3642 Et
759 3572 961 3644 vertendumr
974 3575 1233 3646 IndeAnaenelus
1248 3598 1382 3649 macron
1397 3577 1520 3677 quidem
1531 3603 1571 3648 ex
1587 3583 1674 3650 Pon-

403 3669 499 3764 tificio
514 3691 642 3768 genere,
667 3675 813 3767 quamvis
836 3671 893 3757 (ita
913 3667 1064 3744 hocloco
1081 3671 1115 3742 td
1131 3673 1181 3765 ’wi
1196 3699 1257 3769 pro
1275 3683 1383 3771 aaran
1397 3677 1586 3750 reddendum
1603 3675 1675 3766 est3

404 3789 472 3864 quo
492 3763 578 3837 sensu
599 3769 691 3838 etiam
706 3768 788 3864 apud
806 3767 883 3840 alios
900 3767 1031 3841 idoneos
1046 3775 1180 3850 occurrit
1194 3775 1380 3872 Scriptores)
1394 3773 1430 3853 ab
1442 3795 1574 3849 veram
1593 3799 1672 3845 con-

399 3863 588 3962 suetudinem
607 3863 727 3940 Herodi
744 3867 808 3965 effer
825 3871 859 3936 iu
870 3870 981 3964 presio.

817 4009 821 4016 ·
1569 3966 1674 4042 Vides
