3632 4726
288 287 631 385 Stetere,
679 307 758 368 rr
813 281 1168 368 Mtuacrn.
1284 311 1369 404 723

107 431 193 532 quod
203 430 321 526 eAEflos
336 433 391 501 ille
403 433 501 501 meris
513 430 554 523 fit
571 425 703 524 effellim
731 451 792 523 qua
805 429 870 526 ejus
880 447 987 526 partes
1000 427 1134 523 quedem
1146 449 1201 524 per
1212 449 1372 534 certespe-

107 531 208 600 alodos
233 531 340 600 littora
358 529 594 613 nuncetiam,
621 550 701 596 nunc
717 526 871 618 deserunt,
891 534 1073 623 proveniens
1089 523 1125 596 ab
1140 533 1258 595 interno
1273 551 1372 600 motas

107 630 260 699 maerenti
278 630 451 725 princepsa,
476 625 625 694 luminum
640 623 735 692 duum
752 626 921 716 majerum,
943 626 1105 720 prasertim
1120 648 1192 691 vero
1207 629 1294 694 Lerne
1309 627 1374 720 ὠΐ-

105 726 202 826 pofitre
218 726 318 820 megia
333 724 469 815 minasset
481 722 696 813 intumescens,
710 718 754 789 ad
770 719 1182 817 marisipfiustrhomlnum
1191 723 1371 795 utilitatem.

158 823 215 895 tx.
245 821 336 912 Quin
358 825 389 888 &
408 815 486 888 istud
502 817 623 888 edistis
639 813 811 895 asserimus,
838 816 924 912 quod
941 814 1030 886 srcuti
1047 817 1155 887 dietim
1170 839 1278 916 quater
1293 823 1376 892 vices

110 939 209 990 mutat
223 915 321 1001 unda,
347 917 389 985 ita
404 922 436 985 de
455 937 564 1011 quater
579 914 612 982 in
627 911 783 984 mensibus
797 911 939 1010 finguiis,
965 937 1022 983 nec
1037 937 1103 982 non
1117 935 1226 1012 quater
1241 918 1273 984 in
1291 941 1375 987 anno

110 1018 207 1089 variet
228 1009 423 1096 notabilitcr3
449 1013 491 1080 ita
512 1033 548 1080 ut
563 1010 744 1080 variationes
758 1011 865 1106 prima
879 1007 938 1079 fiat
953 1007 1172 1104 simpliciores,
1198 1011 1247 1083 sed
1264 1009 1378 1104 ficum

112 1110 177 1183 istis
200 1108 385 1207 posteriores
402 1112 647 1203 conjungantur,
673 1129 713 1175 eo
725 1130 855 1204 quoque
871 1106 1093 1178 evidentiorem
1119 1107 1261 1205 adeoque
1281 1115 1379 1182 Wei-

111 1212 158 1280 lr'e
179 1223 226 1280 Ψ
247 1207 375 1276 Salacia
398 1203 457 1274 smt
464 1205 573 1298 forma
588 1203 790 1298 quetidiana,
818 1207 953 1274 Metine
970 1225 1117 1302 tanquam
1131 1202 1323 1277 hebdomade
1338 1203 1379 1278 fi·

112 1309 176 1378 nita
199 1301 251 1374 die
277 1307 442 1373 Dominiea
456 1306 554 1397 magis
570 1321 681 1370 ornae
694 1323 730 1371 ac
747 1299 963 1395 tripudiantes,
989 1302 1055 1372 ele'e
1071 1303 1205 1398 denique
1219 1309 1380 1390 maxime,

112 1404 209 1476 veluti
216 1402 335 1497 firment
348 1398 426 1493 fello
441 1395 568 1495 singulis
584 1393 795 1482 semeslribus,
821 1395 983 1493 prasertim
999 1423 1076 1469 vero
1093 1402 1264 1470 autumnali
1279 1404 1377 1499 aqui·

112 1502 243 1583 noeto,
267 1499 344 1568 luxu
357 1494 589 1591 affluentefflme.
614 1517 670 1591 per
683 1497 802 1568 Tenem.
820 1499 849 1565 Ι.
870 1507 944 1580 eea.
959 1504 1102 1579 V.§.27.
1123 1511 1171 1567 θ’
1192 1519 1246 1586 29.

161 1601 212 1670 X:
226 1597 377 1692 Denique
394 1615 489 1664 manu
505 1592 591 1690 quasi
606 1613 766 1676 memus,
785 1591 882 1686 quod
891 1595 921 1662 in
930 1593 997 1662 illis
1006 1593 1169 1688 quadratis
1176 1592 1383 1692 ejectusque>-

109 1695 204 1780 tidie,
229 1687 487 1790 quotmensibus,
510 1710 605 1786 aeque
620 1692 788 1785 quotannis
801 1686 1020 1785 quadrifariam
1040 1687 1219 1762 notabiliter
1227 1689 1380 1761 alternan-

114 1789 198 1864 tibus
211 1792 400 1888 septenarius
420 1809 561 1856 numam
582 1805 759 1867 concurret,
788 1790 848 1871 ita,
873 1809 910 1857 ut
932 1787 1197 1884 quemadmodum
1215 1809 1323 1884 quater
1336 1787 1382 1858 ses

114 1893 231 1988 paenis,
257 1887 293 1960 id·
312 1883 378 1974 est,
402 1883 478 1955 οᾶο
503 1889 538 1954 δι
560 1885 673 1980 viginti
690 1882 801 1956 diebus
816 1881 947 1954 conficit
962 1889 1053 1956 Luna
1068 1885 1127 1954 iter
1140 1881 1249 1969 suum,
1275 1888 1317 1956 ita
1335 1882 1383 1955 se-

113 2007 200 2083 ptem
240 1982 302 2055 uafi
319 1982 403 2054 horis
418 1981 552 2052 Venilia
568 1987 601 2050 de
620 1981 760 2067 Salaciae,
785 1982 836 2052 vel
853 1977 951 2051 saltim
960 1983 1100 2054 alterutra
1108 2001 1298 2080 peragantur.
1325 1985 1382 2051 Se-

114 2106 200 2178 ptem
217 2011 390 2154 dimidiatis
405 2076 513 2149 diebus
529 2099 599 2147 ante
616 2081 740 2150 Lunam
757 2074 929 2165 nascentem
946 2084 980 2150 dt
998 2078 1129 2150 totidem
1145 2075 1216 2175 post
1232 2077 1382 2154 nascentis

114 2185 213 2254 Luuae
256 2180 384 2272 rincipia
397 2177 517 2245 Melina
531 2173 695 2266 accrescat,
722 2175 794 2246 inde
809 2173 889 2246 haud
905 2176 995 2270 plane
1011 2173 1140 2246 absunili
1156 2175 1254 2247 modo
1269 2201 1324 2272 per
1336 2175 1384 2248 se·

116 2297 203 2373 ptem
219 2203 296 2344 aiios
313 2275 378 2350 dies
394 2273 515 2341 Liduna
531 2271 690 2343 decrescat.
717 2271 837 2342 Rursus
852 2293 923 2341 ante
941 2273 1148 2368 plenilunium
1165 2271 1265 2342 tribus
1282 2278 1315 2343 dt
1333 2273 1383 2344 dis

116 2375 220 2444 midio
231 2371 341 2443 diebus
359 2369 487 2464 incipiat
506 2369 644 2454 Malim,
672 2376 705 2464 dt
721 2367 795 2464 polla
808 2369 990 2440 tantundem
999 2367 1310 2464 temporistursussui
1319 2391 1382 2440 ter·

118 2475 241 2542 minum
264 2465 434 2540 consumat.
470 2460 547 2537 1nde
568 2489 586 2534 a
608 2464 857 2563 duodevigesima
880 2464 1032 2537 exclusive
1046 2467 1135 2535 Ledo
1152 2465 1188 2535 ad
1205 2464 1383 2566 vigefimam

117 2571 262 2666 quintam
285 2562 433 2638 metusne
455 2562 562 2647 duret,
586 2562 662 2633 dum
690 2561 836 2661 vigesima
858 2560 938 2636 sexta
956 2564 1075 2636 Melina
1092 2565 1206 2632 iterum
1226 2565 1385 2660 auspicans

116 2668 209 2737 citior
221 2668 255 2736 in
270 2660 402 2749 accessu,
427 2661 478 2732 sed
494 2661 608 2732 tardior
623 2663 656 2731 in
670 2663 800 2746 recessu,
826 2659 940 2757 septem
949 2657 1057 2731 diebus
1064 2657 1251 2756 perseveret,
1277 2667 1386 2733 inme-

118 2763 175 2833 dio
189 2763 235 2833 sui
249 2763 367 2857 semme
383 2764 506 2832 Lunam
520 2761 671 2855 primam,
696 2778 733 2829 ut
748 2761 780 2829 in
797 2761 889 2830 altera
908 2755 1386 2857 erastuationedecimamquin-

118 2871 181 2928 tam
203 2860 342 2938 calidiori
367 2855 494 2948 excursu
511 2853 679 2928 ostentans.
705 2856 825 2927 Rursus
842 2861 931 2926 Luna
948 2853 1183 2952 septimamque
1198 2875 1244 2926 ter
1258 2855 1384 2954 septima

3 3035 4 3038 Ἴ
118 2959 150 3054 in
171 2956 295 3054 quadris
313 2952 424 3050 ipsius,
450 2953 575 3022 Lidema
590 2956 718 3024 minima
733 2953 783 3024 vel
797 2954 903 3047 potius
918 2949 1075 3022 maniscsia
1090 2955 1222 3024 Malacia
1235 2951 1289 3022 est.
1315 2958 1384 3024 Sic·

46 3113 62 3128 ,
114 3056 162 3124 uti
176 3059 293 3124 Tenem.
319 3063 427 3134 ικιφ.
437 3055 477 3120 V.
487 3059 513 3130 §.
525 3050 579 3117 28.
595 3075 612 3116 e
628 3048 714 3119 Beda
733 3059 770 3133 m·
787 3060 813 3132 §.
829 3071 881 3146 30.
897 3075 936 3119 ear
952 3046 1382 3148 AugustinaHypobolimeo,

120 3154 198 3249 quin
223 3157 256 3224 δι
270 3153 418 3228 ’κεφΗ
435 3171 474 3216 ree
489 3149 627 3218 Varrone
644 3143 672 3240 s.
686 3171 739 3242 33.
765 3144 930 3217 docuimus
947 3146 1127 3242 ibidemque
1142 3147 1384 3220 memorabiliter

116 3251 266 3319 variantes
294 3247 428 3320 Maiinas
446 3251 480 3316 δι
510 3243 649 3318 Liduuas
664 3245 695 3313 in
716 3245 911 3339 equinocliis
927 3248 961 3312 δι
977 3240 1111 3312 solstitiis
1126 3243 1286 3342 utrisque,
1311 3269 1385 3316 cum

117 3348 171 3416 Sol
186 3344 225 3416 ab
241 3369 307 3416 uno
321 3345 457 3415 termino
472 3341 509 3412 ad
525 3341 655 3412 drentem
672 3337 805 3437 septimo
820 3343 961 3437 pervenit
974 3337 1063 3437 figno
1072 3391 1083 3428 ,
1109 3339 1319 3439 allegavimus.
1339 3354 1346 3388 ²

290 3485 722 3606 'ememtms'
752 3519 806 3601 11.
846 3515 1086 3600 cneus
1117 3517 1169 3600 11.

544 3656 610 3731 To*
628 3657 713 3728 “orl
737 3659 943 3756 pertrastrns,

116 3804 285 3993 Quod
306 3829 396 3886 cum
418 3801 552 3912 priscis
571 3827 639 3884 ιιι.
671 3803 799 3885 minata
820 3803 1048 3913 cognitum,
1077 3801 1382 3914 minusquoque

127 3969 132 3977 ,
230 3917 425 4008 rationem
449 3933 662 4024 potueruut
686 3913 863 4010 reddere,
894 3939 984 3994 cum
1015 3939 1107 3994 xri.
1137 3909 1247 3995 allus
1268 3921 1386 3996 maris

128 4051 132 4058 .
148 4064 158 4084 δ
179 4037 188 4078 ¹.
1336 4035 1376 4104 &
