3580 4736
412 241 491 325 13²
630 214 967 315 'Pmoun-s
1022 215 1504 300 tta-russiae

406 344 479 422 Cas
492 350 559 422 ium
573 349 769 438 adcolentes,
795 373 864 424 tum
880 350 988 425 Iberos
1004 347 1044 421 ab
1060 351 1097 422 iis
1113 344 1201 422 firilse
1215 350 1402 422 nominatos.
1435 345 1670 430 AtcumGrae-

406 439 442 545 ee
459 375 607 542 sdr'pserit
622 445 1037 561 josephua,adpellationem
1052 447 1192 546 Ἰβήρων,
1202 469 1236 520 ea
1253 443 1494 544 significatione,
1504 469 1566 544 qua
1575 441 1671 538 Grau»,

1786 161 1788 264 l

406 540 438 617 ci
462 566 530 616 turn
547 566 704 642 temporis
726 569 911 632 uterentur,
944 542 1110 618 adhibuisse
1126 541 1291 616 censendus
1309 541 1362 613 est.
1416 537 1549 612 Constat
1564 561 1670 634 autem
1787 605 1788 640 ,

406 641 467 710 Pol
488 637 576 712 bium
593 649 625 712 dt
643 641 848 730 Strabonem,
873 647 991 742 priores
1006 634 1164 740 Joscpho,
1191 642 1443 740 quandocunque
1460 633 1609 736 Hispania
1619 639 1670 732 vel

407 667 541 832 Hisbani
564 741 746 812 nominandi
763 766 866 830 erant,
891 745 1016 828 'lsirplar
1033 736 1378 838 &⁹1sdrpasadpellalse.
1430 743 1576 840 Praeterea
1593 757 1668 806 eum

406 831 574 905 ridiculum
590 834 726 908 errorem
742 838 881 934 Ephori,
908 840 963 951 qui
979 863 1052 908 cum
1069 836 1215 934 Philippo
1231 833 1399 906 Alexandri
1415 835 1466 904 Μ.
1483 855 1568 928 patre
1577 835 1666 919 vixit,

406 925 509 1026 {beros
526 957 620 1001 unam
634 939 795 1006 civitatem
811 939 859 1028 ff
876 957 948 1022 rati,
976 934 1128 1030 redarguit
1143 939 1165 1004 l.
1184 961 1211 1006 t.
1226 955 1330 1001 conara
1350 935 1469 1034 Apion.
1496 927 1666 1000 lberosex-
1787 943 1788 1004 ἰ

406 1029 500 1121 plicat
522 1044 579 1126 per
596 1055 668 1117 eos,
694 1031 751 1130 qui
766 1055 883 1128 partem
899 1054 983 1104 terrae
1002 1031 1212 1102 Occidentalis
1229 1027 1362 1102 habitare
1379 1025 1556 1100 noscuntur.
1607 1027 1667 1124 Li·
1786 1045 1788 1104 l

407 1147 486 1220 quet
497 1128 597 1230 ergo,
638 1128 691 1200 uad
709 1150 867 1204 notatione
878 1127 995 1218 ἰβνῖρων
1013 1126 1163 1226 significet
1177 1123 1340 1226 Josepllus.

308 1307 312 1316 Δ
396 1223 417 1284 .’
455 1220 527 1294 lmo
551 1154 778 1320 ipsidiomani,
805 1252 887 1326 quos
903 1225 952 1298 hic
969 1223 1108 1298 secutum
1124 1222 1211 1324 fuisse
1225 1222 1401 1324 josephum
1416 1244 1573 1322 argutatur
1589 1217 1668 1311 Go7

406 1321 533 1415 sopitis,
544 1321 860 1414 συνωνύμωςἼβκρίαυ
874 1323 979 1395 dixere
992 1321 1039 1412 (qd
1057 1325 1204 1393 ‘lanarios
1217 1321 1309 1408 ,teste
1325 1319 1423 1391 Strab.
1437 1325 1461 1390 l·
1475 1348 1504 1418 3.
1515 1327 1547 1390 ἃ
1557 1319 1665 1417 adpelj

404 1415 520 1510 latione
537 1438 666 1517 utraque
683 1420 810 1493 eandem
825 1423 859 1492 in
867 1423 996 1516 Europa
1004 1442 1128 1520 gentem
1138 1420 1422 1491 denominaverunt.
1449 1419 1537 1487 Hinc
1547 1415 1666 1506 Ἴβηρες

405 1511 531 1606 enlm
547 1511 563 1590 ἥ
578 1513 705 1606 repaire·
719 1516 959 1590 nominabantur
974 1545 991 1590 a
1007 1518 1159 1588 Romanis
1177 1513 1328 1612 Hispani,
1377 1517 1411 1584 ui
1431 1517 1524 1610 Reip.
1541 1513 1666 1582 Renu-

403 1633 520 1682 nomm
534 1607 668 1686 formam
706 1615 891 1694 er'colonias
906 1611 1099 1711 receperant:
1117 1614 1256 1712 ‘eamque
1272 1541 1508 1708 adpelsationem
1520 1611 1664 1682 Latinam

404 1713 440 1812 §a
457 1733 473 1778 a
488 1709 641 1782 Romanis
654 1639 732 1798 else,
742 1710 939 1814 nemo'sanus
956 1713 1128 1810 negaverit:
1156 1709 1259 1784 Iberes
1277 1711 1371 1810 igitur
1387 1711 1479 1786 etiarn
1495 1707 1664 1778 Romano·

405 1828 476 1886 rum
502 1801 642 1880 sermone
659 1831 744 1880 erant
756 1805 901 1906 Hispani.
934 1810 1005 1879 Sive
1020 1809 1116 1908 igitur
1133 1805 1336 1896 Graecorum,
1355 1802 1417 1876 stre
1440 1803 1663 1876 Romanorum

402 1895 456 1971 sua
472 1923 558 1973 aetate
576 1903 726 2006 loquendi
736 1907 867 1978 modtun
876 1903 1048 1991 adtendisse,
1057 1903 1227 2004 josephum
1236 1903 1390 1987 dicamus,
1400 1928 1473 1972 eum
1481 1903 1663 1998 perldnpat

401 2021 469 2092 non
485 1999 555 2070 illos
564 1998 1068 2171 Asiaticos,sedEurcpaeos,h.e.
1092 1997 1251 2097 Hispanos
1260 1997 1341 2096 ipsos
1349 1997 1503 2098 designare
1513 1996 1662 2082 voluisse,

402 2099 439 2173 r&
448 2096 512 2179 ,D.
530 2099 780 2194 Hieronymum,
806 2103 863 2198 qui
900 2125 917 2169 e
934 2101 1082 2196 Hispania
1098 2100 1414 2196 exponit,optimum
1430 2101 1494 2188 ejus
1508 2098 1660 2192 interpre·

404 2191 468 2262 'te‘rn
486 2187 591 2280 finisse,
605 2192 752 2294 sequitur.¹
892 2199 894 2204 ’
1198 2224 1202 2232 ’
1303 2189 1308 2199 “
1651 2233 1662 2294 '.

430 2293 532 2380 ·Quae
548 2295 720 2371 vero-idem
733 2294 900 2395 Goropius
915 2294 953 2369 de
971 2293 1172 2366 Tobelortun
1188 2295 1220 2364 in
1239 2290 1313 2364 Asta
1330 2287 1469 2378 sedibus,
1495 2297 1529 2364 δι
1544 2291 1660 2362 elvlar-

400 2387 519 2482 gianae,
545 2388 577 2458 in
591 2416 653 2487 qua
667 2413 778 2486 utpote
794 2391 871 2464 coeli
885 2417 919 2462 ac
935 2387 990 2467 soli
1006 2389 1181 2462 commodis
1198 2391 1326 2486 inclyta,
1343 2389 1473 2461 Solinc.
1487 2413 1539 2479 51.
1565 2391 1659 2459 Noa·

399 2482 494 2553 'chum
512 2485 607 2554 vitem
647 2489 761 2556 rimum
779 2485 919 2582 plantasse
933 2487 1111 2577 daara'noyti
1119 2540 1129 2573 ,
1155 2488 1267 2558 vicinia
1284 2489 1411 2577 trajeslo
1428 2487 1543 2582 Caspio
1553 2486 1657 2572 Mati,

397 2576 541 2649 ediresio
549 2580 615 2650 Oxi
622 2511 982 2654 duminisinAlbaniam
991 2583 1119 2679 Scythiae
1144 2608 1181 2654 ue
1190 2607 1289 2680 partes
1302 2587 1657 2680 migrationessujusee-

395 2669 542 2744 stimonia
565 2673 623 2746 srnt
640 2678 771 2777 opidum
791 2682 870 2750 inter
885 2679 1046 2758 Gerrhum
1068 2689 1101 2752 ἀ
1119 2610 1247 2752 duflum
1263 2706 1367 2752 amnes
1384 2681 1545 2752 conditum
1564 2678 1658 2749 Tobi-

395 2771 488 2856 laca,
515 2771 684 2860 ledradus,
711 2777 880 2846 Ptolemaeo
896 2779 918 2846 l.
934 2803 962 2870 5.
978 2802 1029 2848 12.
1047 2785 1080 2850 δι
1097 2779 1178 2852 aliud
1195 2775 1310 2848 ibidem
1328 2775 1486 2866 Chabala,
1498 2773 1655 2858 xalddna,

394 2866 506 2969 docet,
531 2867 599 2940 satis
624 2871 756 2970 quidem'
775 2869 845 2944 sunt
861 2869 1055 2970 probabilia:
1082 2875 1147 2964 (Ex
1168 2900 1208 2945 eo
1225 2878 1310 2946 enim
1331 2875 1422 2946 altera
1439 2875 1546 2946 mundi
1562 2871 1653 2954 actas,

395 2988 500 3063 quara
520 2967 651 3040 Diluvio
667 2970 703 3042 ad
722 2972 813 3043 turris
829 2970 1023 3066 Babylonieae
1041 2977 1228 3068 tempora&
1246 2970 1412 3055 Sheruchi,
1437 2999 1456 3043 a·
1471 2997 1538 3068 quo
1547 2970 1654 3042 idolo·

394 3061 480 3133 latria
495 3069 610 3161 coepit,
636 3089 858 3165 computatur,
874 3067 1052 3164 Scyrhrfmus
1067 3095 1084 3138 a
1098 3069 1262 3165 primitivae
1278 3065 1420 3140 Ecclestae
1438 3065 1655 3150 Dodloribus,

392 3183 475 3257 quos
490 3157 610 3232 secutus
626 3165 659 3233 in
677 3163 738 3235 hoc
754 3161 798 3234 est
814 3163 968 3263 Epiphan.
980 3167 1002 3234 l.
1019 3189 1048 3235 1.
1063 3169 1180 3234 Panar.
1197 3165 1341 3260 adpellata
1358 3162 1419 3250 est,
1445 3166 1533 3263 quod
1546 3164 1656 3237 homi·

394 3280 449 3344 pes
465 3284 481 3326 a
498 3256 634 3329 Noacbo
650 3260 721 3332 inde
737 3267 770 3331 δι
786 3259 859 3331 filiis
874 3269 940 3353 ejus
954 3261 1067 3358 Japeto
1083 3263 1117 3332 in
1136 3258 1256 3358 Scythia
1273 3259 1453 3347 habitarint,
1480 3261 1578 3332 donec
1596 3287 1655 3330 au·

392 3351 435 3434 eti
454 3348 750 3440 familiis,ukeriora
761 3359 896 3428 maxime
910 3359 1045 3453 Europae
1061 3383 1212 3456 quaerere,
1224 3359 1257 3427 in
1273 3383 1369 3455 eaque
1384 3355 1518 3430 desedere
1527 3361 1657 3456 occipe-

390 3453 498 3537 r'entz)
515 3445 566 3520 sed
581 3476 617 3520 ex
635 3477 675 3522 eo
691 3477 827 3550 querere
844 3462 1040 3550 po'teramm,
1065 3463 1126 3525 που·
1137 3453 1155 3546 3
1168 3463 1268 3549 reiro.
1306 3457 1379 3525 Sine
1392 3451 1468 3526 teste
1483 3458 1568 3528 enirn
1577 3453 1653 3528 fieti

390 3547 499 3646 loqui,
525 3542 687 3638 historicus¹
704 3545 885 3636 erubescat¹
978 3621 981 3628 ,

392 3737 399 3748 ,
438 3645 493 3713 De
520 3645 632 3713 Boliris
651 3641 704 3718 seu
724 3649 908 3730 ταβολίταις
923 3675 1016 3735 vero,
1043 3651 1100 3749 qui
1117 3647 1419 3748 Paropamisadarum
1437 3651 1574 3750 regionis
1595 3653 1654 3722 Se·

411 3741 604 3811 tentrionalia
628 3764 774 3831 tenuere,
799 3743 838 3813 ab
859 3742 982 3816 Occasu
998 3749 1085 3817 nriis
1099 3753 1133 3818 δι
1151 3747 1289 3834 Parthis,
1315 3746 1353 3819 ab
1368 3745 1489 3821 Austro
1504 3746 1654 3820 Aracho-

388 3841 451 3934 sia,
477 3841 511 3908 δι
532 3836 572 3908 ab
594 3838 727 3913 Oriente
745 3839 914 3917 Ambautis
932 3849 966 3914 δι
990 3841 1076 3916 Indis
1093 3846 1208 3937 cinsli,
1223 3841 1346 3924 ⁴scimus
1369 3869 1454 3939 nos,
1479 3841 1652 4015 tessefflue

1614 3966 1650 4011 e-
