3560 4746
402 239 454 353 76
616 190 946 313 Tironis
1002 208 1482 294 Rernrssrus

402 357 661 461 obsequat‚srcut
676 358 768 428 etiam
783 353 845 426 sine
864 357 929 442 ejus
943 345 1134 447 persuasione
1150 340 1388 418 factusrseram
1407 349 1531 420 Vereor
1543 367 1667 440 autem,

405 489 445 534 ne
470 483 560 530 tuum
584 454 658 528 illud
674 453 711 524 de
728 451 887 550 prurigine
903 447 958 519 hac
976 443 1104 520 molesia
1120 441 1346 520 συναποθνήσκει
1361 445 1469 514 locum
1485 443 1521 515 sit
1536 443 1668 520 habim.

410 584 482 631 rum
500 559 534 626 in
549 581 599 624 me
616 547 702 635 sene,
719 574 818 646 nuper
836 556 891 644 63.
907 569 1023 617 annum
1041 537 1184 642 ingresso.
1222 541 1291 612 Fiat
1306 541 1387 612 DEI
1405 541 1566 628 voluntas,
1591 569 1668 641 que

409 653 527 751 semper
542 647 586 720 est
602 648 741 743 optima,
767 653 800 716 δι
816 641 873 714 suo
888 665 1029 738 tempore
1046 638 1124 710 mihi
1141 636 1261 708 beatam
1277 661 1315 708 ex
1329 634 1391 708 hoc
1412 639 1534 710 mundo
1548 641 1668 739 migm-
1750 723 1756 730 .

407 756 529 824 tionem
546 771 605 843 pro
621 738 851 836 clementiasua
866 741 1025 838 largiantr:
1053 741 1117 810 &e
1144 731 1310 836 Distriben
1324 733 1361 805 de
1376 736 1483 849 lingua
1490 738 1670 850 Ριιιιίιιιᾳ·

407 828 1181 1034 scissisennensis
1196 827 1669 1024 urrisu
1757 957 1758 962 ψ

409 1067 462 1112 me
479 1033 655 1136 cognosces.
704 1033 764 1104 Sed
780 1030 857 1102 nihil
872 1033 906 1100 in
925 1029 1015 1100 Orat
1032 1050 1125 1112 mea,
1157 1051 1253 1140 cpiam
1269 1029 1383 1097 itentm
1400 954 1545 1097 nonnihil
1560 1050 1670 1099 corre-
1727 1037 1733 1046 '

409 1141 491 1209 etam
510 1138 623 1212 mitto,
651 1126 796 1200 invenisti
811 1126 899 1226 quod
916 1125 1041 1197 laudes?
1067 1121 1239 1196 fimaume
1257 1131 1461 1220 Praeceptores
1478 1124 1541 1210 mei
1553 1148 1604 1194 me
1619 1121 1669 1196 se-

408 1229 558 1306 duxissent
574 1249 726 1332 quantum
743 1225 779 1298 cd
796 1226 937 1322 linguam
952 1224 1113 1312 Punicam.
1161 1219 1275 1292 Libros
1289 1222 1408 1292 inuitos
1422 1244 1488 1291 non
1504 1217 1673 1316 iubemus,

408 1351 462 1402 aut
476 1323 625 1438 consequi
641 1319 800 1419 possumus
815 1320 877 1393 hoc
895 1321 979 1410 loco,
988 1324 1022 1390 δι
1030 1317 1202 1415 pauxillum
1210 1316 1363 1389 iiiud'vitae
1373 1341 1458 1402 meae,
1467 1313 1668 1414 quodresht,

297 1415 302 1422 ⁴
322 1485 329 1492 .
409 1449 515 1498 totum
529 1421 676 1496 Pencuiis
688 1416 834 1490 Arabicis
850 1415 1003 1514 deputavi.
1038 1417 1072 1487 Si
1088 1436 1191 1486 tamen
1206 1441 1222 1486 a
1238 1416 1398 1511 prurigine
1414 1411 1556 1486 nonnihil
1572 1413 1671 1512 respi-

408 1547 518 1596 raveto
541 1520 607 1589 Dei
622 1517 734 1614 gratia,
761 1513 902 1613 quaedam
918 1512 955 1585 ad
971 1515 1024 1584 Te
1043 1513 1184 1598 mittam,
1201 1518 1234 1582 δι
1249 1509 1330 1582 Tibi
1349 1508 1516 1608 Philologo
1531 1511 1672 1584 acutiffi-

409 1647 465 1692 mo
481 1614 672 1708 dijudicmda
689 1611 813 1684 tradam.
864 1613 992 1681 Interim
1003 1605 1085 1679 'habe
1101 1607 1241 1706 quaedam
1256 1630 1358 1680 vetera
1372 1610 1562 1680 meletemata
1578 1632 1670 1696 mee3

408 1714 459 1788 sed
477 1721 511 1785 δι
528 1708 685 1809 specimen
700 1710 914 1781 Periculorum
931 1704 1160 1790 Arabicorum,
1187 1729 1323 1804 quorum
1344 1724 1396 1798 ις.
1415 1705 1555 1776 Decades
1562 1707 1671 1794 jamin

320 1831 324 1838 '
409 1809 532 1883 scriniis
549 1804 689 1893 adierim,
699 1803 789 1875 smul
807 1807 919 1888 mitto,
938 1809 972 1873 δι
986 1823 1023 1871 ut
1039 1803 1122 1899 legas
1139 1808 1173 1872 δι
1188 1797 1424 1902 censeas,rogo.
1449 1801 1529 1878 vale
1544 1803 1594 1878 vir
1605 1801 1672 1895 cla-¹
1723 1825 1729 1840 ·

412 1903 471 1981 riis.
490 1913 524 1980 δι
542 1900 796 1978 desideratissime.
823 1902 960 2002 Cygneae
978 1923 1033 1998 30.
1047 1896 1201 1968 Decemh.
1216 1907 1317 1996 1625.

322 2142 325 2150 ·
628 2094 803 2168 Reverendo
812 2147 824 2182 ,
851 2092 1019 2190 Clcrffmo
1037 2107 1085 2168 w*
1102 2091 1352 2193 Excellentrffirno
1368 2100 1447 2170 Vm

360 2261 491 2347 m.
530 2254 770 2345 vtro
814 2234 1673 2350 woesnuusssneoru.

367 2407 369 2414 '
485 2397 718 2518 Pastorique
739 2393 781 2481 ὅ
803 2393 1179 2504 Super-Accendanti
1195 2395 1355 2589 Cygneo,
1385 2393 1471 2478 Du.
1487 2396 1594 2484 Com.

577 2507 720 2618 patri,
748 2502 1241 2704 Amicpngffpspnaotrrpnidrps
1263 2506 1354 2616 cisto
1367 2505 1501 2618 pluri-

392 2847 394 2854 ,
491 2788 643 2869 iscursum
659 2797 728 2868 Dn.
745 2791 882 2868 Thomae
899 2792 1038 2870 Reinesri
1053 2795 1152 2868 Doce
1171 2821 1237 2897 quo
1252 2797 1416 2894 impugnat
1431 2816 1517 2868 tuam
1533 2795 1671 2869 associo·

512 2895 643 2967 nemde
657 2896 764 2992 lingua
781 2895 917 2978 Punica,
941 2894 1003 2988 legi
1018 2918 1093 2964 cum
1107 2895 1266 2992 voluptate
1282 2925 1292 2980 3
1326 2887 1369 2964 δι’
1379 2917 1560 2992 quanquam
1575 2919 1671 2993 ergu-

404 3011 548 3062 mentum
570 2987 672 3088 ipsum
698 2993 803 3089 magni
820 2994 975 3062 momenti
991 2988 1134 3076 nonest,
1162 3013 1264 3063 tamen
1279 2989 1370 3082 habet
1388 2991 1485 3062 multa
1501 2987 1669 3064 observatu

403 3087 514 3183 digna,
540 3095 573 3159 δι
592 3091 691 3180 miror
706 3113 766 3185 ego
784 3090 985 3159 acrimoniam
1000 3089 1168 3178 judicii‚ac
1187 3087 1383 3185 deprehendo
1400 3090 1501 3160 virum
1510 3088 1669 3187 undiqua-

263 3235 265 3240 .
401 3208 465 3284 que
482 3182 714 3271 doctissimum,
742 3185 845 3257 multe
868 3183 1036 3256 admodum
1060 3185 1220 3272 lectionis,
1245 3194 1279 3256 δι
1297 3187 1348 3256 cui
1363 3208 1468 3280 parem
1485 3187 1616 3283 ingenio
1632 3211 1668 3258 m

400 3278 581 3350 Academiis
596 3279 783 3355 nostratibus
798 3279 894 3352 hodie
906 3283 957 3352 vix
975 3284 1114 3378 reperias.
1139 3282 1195 3354 Ad
1214 3304 1307 3377 caput
1324 3279 1418 3358 causa
1435 3283 1524 3380 quod
1538 3285 1666 3371 attinet,

345 3379 357 3386 ”’
400 3375 544 3446 nondum
562 3374 640 3451 mihi
657 3375 829 3471 persuasit,
852 3387 1027 3462 Poenorum
1047 3379 1187 3475 linguam
1204 3376 1291 3450 fuisse
1308 3376 1486 3450 Hebtaeam.
1527 3380 1602 3450 Nec
1617 3401 1668 3450 ta-

373 3559 380 3570 ·
400 3497 475 3544 men
496 3470 597 3541 'audeo
623 3473 851 3552 contradicere,
882 3470 932 3545 sed
950 3471 1102 3546 adsentior
1118 3472 1283 3562 libentius,
1309 3501 1411 3575 quam
1429 3497 1467 3546 ut
1481 3473 1545 3547 stne
1561 3473 1668 3550 solidis

399 3566 609 3642 iimdamentis
635 3567 806 3666 quidquam
832 3591 953 3666 negem.
1006 3573 1135 3644 Paenuio
1162 3599 1236 3645 meac
1262 3576 1409 3648 Plautina
1431 3571 1571 3670 adscripsi
1585 3574 1668 3646 duos

401 3661 562 3762 rhythmos
576 3663 749 3751 Hebraeos,
775 3667 807 3735 in
825 3690 907 3763 quos
923 3663 986 3762 ipse
1003 3671 1092 3766 cogit
1106 3672 1243 3764 primum
1260 3671 1428 3742 Hannonii
1435 3666 1585 3742 sermonis
1594 3695 1686 3744 ver·-

400 3759 477 3834 sum
516 3760 575 3832 Sed
595 3759 708 3834 dubito
726 3783 827 3832 tamen
835 3813 847 3848 ,
873 3789 913 3834 an
928 3789 966 3834 ex
983 3765 1163 3836 Urhasorrim
1178 3763 1272 3862 poffit
1289 3765 1356 3840 fieri
1373 3771 1434 3839 Nc
1451 3768 1501 3838 eth
1515 3770 1666 3856 ettonem,

400 3863 453 3934 aut
468 3859 537 3935 vice
553 3856 646 3934 veru.
680 3867 825 3936 Praeterea
841 3861 988 3959 particule
1004 3867 1065 3936 Na
1080 3889 1119 3938 au
1133 3865 1306 3946 urentem
1322 3887 1382 3962 pro
1398 3865 1487 3963 qtufi
1496 3867 1666 3964 ,morini-
1754 3897 1760 3908 ·

1613 3985 1664 4035 uo
