3658 4726
366 221 438 305 Da
467 221 740 307 Artemone
773 221 973 308 Scap-rm
1000 224 1213 338 Jnoarcr.
1352 254 1435 342 397

172 373 300 468 ingere
317 368 446 453 nititur,
474 330 529 438 cui
544 362 638 436 fratta
656 359 859 437 Aristobulus
874 363 1000 452 tcfistit,
1026 363 1266 466 conseriptoque
1283 371 1438 458 exercitu,

197 467 260 538 uod
278 473 344 555 jure
362 489 428 535 non
444 484 592 560 poterat,
622 462 716 532 armis
732 459 875 534 obtinere
894 463 1032 534 ruolium.
1085 470 1167 557 Qae
1182 463 1344 538 ambitiosa
1362 471 1445 540 Ari-

170 492 287 634 stobuli
302 563 472 646 temeritas,
498 583 565 630 non
580 578 701 628 unnim
716 553 841 631 familiar
858 557 1121 646 Almonaeorum,
1146 560 1201 634 scd
1215 565 1276 634 toti
1286 566 1380 636 etiam
1389 589 1442 638 re-

171 683 239 759 gno
253 657 388 758 judaieo
406 653 496 730 fatale
512 656 620 728 intulit
635 653 803 746 excidium.
828 658 994 751 Hyrcanos
1010 660 1116 743 enim,
1133 653 1297 758 instigante
1321 666 1442 757 &pro-

174 776 301 828 curante
324 747 495 851 Antipatro
516 750 675 838 ldurnaeo,
699 757 831 824 Aretam
845 751 1006 825 Arabena:
1028 751 1233 827 Aristobulus
1247 781 1324 828 vero
1340 765 1440 830 Pom-

173 860 280 950 peium
295 854 479 922 Romanurn
495 849 532 921 ad
546 870 646 944 partes
659 851 792 920 vocavit.
823 851 990 921 Romanus
1003 851 1088 922 ultro
1104 849 1205 938 adest,
1230 859 1265 926 dc
1279 879 1367 926 more
1383 879 1441 951 pa-

176 953 243 1021 trio
255 952 297 1021 ita
312 949 483 1045 opitulatur
499 943 712 1030 Aristobulo,
742 967 779 1018 ut
796 948 902 1042 potius
918 943 1008 1017 suum
1027 947 1202 1044 populique
1225 951 1365 1024 Romani
1381 977 1441 1023 nc·

176 1048 302 1144 gotium
320 1065 449 1143 gereret.
501 1039 624 1114 Arbitri
647 1045 732 1113 enim
753 1065 852 1138 partes
869 1039 927 1113 srbi
942 1046 1107 1139 arripiens,
1132 1069 1259 1118 moram
1269 1046 1377 1134 naluit,
1402 1055 1440 1120 dc

176 1145 299 1214 interim
314 1139 534 1213 Aristobulum
548 1164 577 1304 q

175 1263 374 1420 {discidi}
387 1257 647 1430 “lapilluli
652 1236 896 1427 diffidi}
919 1236 1440 1429 lllllnidffllllr

178 1457 241 1530 que
256 1457 331 1502 cum
346 1430 469 1514 liberis,
493 1432 633 1500 Romam
651 1431 798 1500 mittitur.
834 1431 985 1525 Hyrcano
1002 1453 1077 1502 uero
1093 1433 1220 1506 tandein
1236 1431 1441 1506 uoneficatua

179 1553 254 1600 curn
269 1530 446 1624 Principatu
461 1523 648 1611 restituitur,
671 1527 714 1596 ita
729 1547 850 1612 umen,
876 1547 912 1595 ut
926 1521 1004 1596 socii
1019 1523 1077 1597 sub
1092 1531 1202 1616 titttlo,
1217 1533 1369 1604 Romano
1383 1531 1442 1603 sti-

180 1625 329 1724 pendium
344 1621 460 1696 solvere
476 1643 659 1720 cogeretur,
682 1647 754 1720 qua
769 1624 882 1693 omnia-
891 1621 1055 1719 diligcnter
1069 1622 1443 1726 configauviteemmju-
1555 1629 1558 1636 ’

177 1723 330 1894 dqicarum
344 1719 524 1798 venticulus
546 1713 677 1818 scriptor
689 1716 880 1830 qJosephua
903 1721 928 1794 l.
946 1723 1036 1796 XIV.
1059 1743 1126 1822 cap.
1141 1747 1169 1796 ι.
1190 1730 1224 1798 dc
1236 1727 1320 1824 seqq.
1340 1720 1442 1822 usque

177 1846 196 1893 a
256 1871 265 1891 .
654 1837 701 1898 ··ο’

229 1846 321 2004 ἔται,
347 1917 638 2016 pono,Antipatet
654 1917 726 2004 ille,
736 1939 832 2013 quent
848 1943 866 1989 a
882 1916 1020 2016 partibus
1027 1920 1167 2014 Hyrcani
1176 1917 1445 2009 stetilediximua,

182 2011 283 2088 homo
299 2015 471 2100 Idumam,
481 2013 565 2085 filius
579 2015 739 2111 Antipatri
755 2015 960 2114 illius,quem
977 2016 1153 2088 Alexander
1161 2015 1354 2092 Maccabaeua
1363 2021 1439 2092 ldu-

573 1135 723 1222 uiescere,
748 1136 937 1237 castellisque
954 1143 1084 1212 munitis
1098 1141 1206 1214 cedere
1221 1141 1319 1234 jubet
1369 1148 1441 1216 laic
1587 1151 1593 1160 “

181 2135 264 2184 matae
285 2109 414 2184 subacta
430 2108 589 2183 summum
608 2113 690 2182 olim
709 2110 832 2184 dederat
845 2114 1027 2209 principem.
1078 2115 1442 2205 Hermundulus,
1568 2201 1572 2212 f

181 2215 216 2280 &
228 2207 389 2306 prudentia
403 2211 534 2306 polleret
548 2210 678 2304 pariter,
704 2209 737 2278 in
751 2210 891 2304 Hyrcani
906 2207 1034 2306 surrepit
1048 2210 1235 2297 amicitiam,
1260 2217 1294 2284 δι
1312 2215 1442 2285 curnil-

179 2309 247 2377 lum
263 2305 455 2404 segniorem,
479 2331 513 2376 ae
531 2308 601 2400 plue
613 2329 715 2402 quarn
726 2307 818 2376 talem
830 2307 933 2378 virum
940 2304 1084 2389 decebat,
1108 2308 1222 2403 quietis
1230 2331 1383 2382 amantem
1393 2312 1442 2384 vi·

177 2403 282 2487 duct,
307 2407 349 2474 ita
364 2407 491 2500 negotia
503 2404 596 2474 amici
614 2400 719 2497 gcffit,
745 2406 784 2472 ut'
793 2405 917 2475 interim
932 2403 1039 2473 omnia
1053 2401 1089 2474 nd
1108 2423 1222 2474 nutum
1237 2406 1377 2478 Romani
1392 2407 1442 2479 di-

179 2504 308 2595 rigeret,
335 2498 452 2595 quibua
470 2497 602 2583 artibus,
627 2499 767 2596 &quod
787 2523 930 2595 preterea
947 2495 1060 2570 Caesari
1083 2497 1154 2596 post
1169 2502 1384 2576 vietunuom

177 2605 250 2689 jum
262 2599 296 2668 in
311 2603 484 2694 AEgyptum
501 2599 662 2680 moventi,
687 2620 751 2692 qua
764 2599 923 2668 auxiliares
938 2598 1042 2693 copias
1057 2597 1271 2688 conciliando,
1297 2623 1359 2697 qua
1373 2527 1443 2672 ἐξ.
1533 2673 1538 2680 ,

179 2697 252 2766 citet
266 2696 300 2763 in
315 2699 379 2764 acie
396 2691 585 2793 pugnando,
610 2689 827 2789 AEgyptiisque
845 2693 1020 2768 vicloribut
1031 2692 1442 2769 victorimsuavirtuteex-

177 2791 358 2888 torquendo
378 2794 537 2884 egregiam
557 2791 686 2862 navallct
699 2813 846 2884 operam,
872 2791 953 2862 illius
968 2815 1099 2888 quoque
1115 2794 1282 2864 amicitiam
1293 2816 1443 2888 penetra-

178 2889 242 2974 vit,
266 2885 421 2984 Joscphus
435 2889 466 2958 d.
480 2885 533 2958 lib.
544 2889 633 2958 XIV.
649 2908 717 2982 cap.
732 2909 762 2956 a.
778 2883 881 2982 &152
912 2887 1009 2958 Filius
1021 2885 1094 2958 huic
1107 2883 1170 2958 suit
1185 2889 1338 2961 Herodes.
1373 2893 1440 2962 Hic

179 2986 314 3080 paternis
329 2983 476 3056 inhaerens
498 2978 655 3080 vestigiis,
679 2981 840 3054 calliditate
858 2986 1002 3080 ingenii,
1034 2985 1192 3080 animique
1208 2987 1444 3080 magnitudine,

181 3083 305 3155 tandem
319 3105 361 3150 co
376 3082 534 3176 pervenit,
560 3101 596 3149 ut
618 3083 721 3152 Marci
744 3081 883 3152 Antonii
900 3076 1060 3175 auspiciis,
1085 3084 1150 3150 aS.
1167 3087 1202 3150 P.
1221 3085 1267 3168 Q.
1283 3082 1332 3155 R,
1347 3080 1443 3154 suerit

179 3179 253 3251 Rex
265 3177 449 3269 judeorum
462 3177 664 3262 'declaratam
694 3200 788 3274 quam
812 3177 993 3270 dignitatem
1017 3173 1088 3272 post
1101 3176 1268 3247 viciorum
1278 3180 1443 3252 Actiacam

180 3275 226 3346 illi
246 3267 410 3373 Augustus
428 3269 549 3358 Cesar,
572 3274 877 3370 quamuis-Herodes
900 3272 936 3344 ad
950 3268 1146 3342 insolentiam
1159 3269 1257 3370 usquc
1274 3273 1444 3349 confitere-

180 3393 249 3460 ωε,
273 3371 304 3444 se
325 3373 504 3444 Antonium
520 3373 659 3456 auxiliis,
685 3365 879 3467 consiliisque
895 3390 1002 3440 contra
1020 3365 1190 3455 Caesarem,
1216 3371 1367 3446 omnibus
1383 3374 1440 3446 ad-

178 3467 284 3558 juvisst
302 3469 422 3556 modis,
447 3467 524 3539 adeo
547 3493 613 3538 non
629 3468 758 3551 ademit,
783 3489 820 3537 ut
838 3467 1108 3564 magnanimitate,
1134 3475 1168 3538 dc
1190 3465 1360 3542 constantia
1382 3470 1442 3541 ho-

179 3569 275 3639 tannia
289 3568 475 3651 deletiatua,
501 3565 592 3636 amici
611 3570 645 3635 δι
661 3565 888 3635 commilitonis
906 3565 1080 3634 titulorum
1090 3564 1443 3659 potiushonorandurn,
1536 3585 1540 3595 ’

177 3663 318 3762 adeoque
335 3667 367 3735 in
390 3687 489 3761 regno
505 3659 755 3733 confirmandum
777 3660 956 3748 judicaverit
971 3714 988 3746 ,
1013 3685 1051 3732 ut
1071 3661 1174 3734 uidere
1191 3660 1235 3734 est
1253 3663 1336 3757 apud
1350 3661 1440 3757 losc-

177 3757 277 3855 plaunt
290 3765 322 3836 A.
334 3760 388 3832 lib.
399 3766 492 3833 XIX.
508 3785 525 3828 c
567 3754 745 3832 .26.&!d.
756 3763 862 3831 We.
878 3781 931 3846 10,
955 3758 1100 3830 Herodes
1116 3761 1211 3856 igitur
1227 3779 1264 3828 ut
1277 3757 1336 3832 suae
1352 3758 1441 3833 sccu-

175 3855 462 3946 dmfizgonsuleren
486 3781 732 3958 Judeorumquc
747 3856 857 3934 odium
875 3858 1217 4027 nsscqudcomprimcrct,
1241 3863 1444 3972 apompejaf
1558 3908 1563 3918 ·

1006 3977 1026 4050 3
1393 3979 1450 4026 ura

301 4039 305 4052 t
