<?xml version="1.0" encoding="UTF-8"?>
<!DOCTYPE html PUBLIC "-//W3C//DTD XHTML 1.0 Transitional//EN"
    "http://www.w3.org/TR/xhtml1/DTD/xhtml1-transitional.dtd">
<html xmlns="http://www.w3.org/1999/xhtml" xml:lang="en" lang="en">
 <head>
  <title>
</title>
<meta http-equiv="Content-Type" content="text/html;charset=utf-8" />
  <meta name='ocr-system' content='tesseract 3.04.00' />
  <meta name='ocr-capabilities' content='ocr_page ocr_carea ocr_par ocr_line ocrx_word'/>
</head>
<body>
  <div class='ocr_page' id='page_1' title='image "./collectiodisser00wandgoog_0324.png"; bbox 0 0 3658 4728; ppageno 0'>
   <div class='ocr_carea' id='block_1_1' title="bbox 446 189 1537 330">
    <p class='ocr_par' dir='ltr' id='par_1_1' title="bbox 446 189 1537 330">
     <span class='ocr_line' id='line_1_1' title="bbox 446 189 1537 330; baseline -0.013 -38"><span class='ocrx_word' id='word_1_1' title='bbox 446 203 525 330; x_wconf 65' lang='lat' dir='ltr'><em>{m</em></span> <span class='ocrx_word' id='word_1_2' title='bbox 607 189 1537 323; x_wconf 54' lang='lat' dir='ltr'><em>Jmnmuhumuthurmuu</em></span> 
     </span>
    </p>
   </div>
   <div class='ocr_carea' id='block_1_2' title="bbox 358 331 1764 1021">
    <p class='ocr_par' dir='ltr' id='par_1_2' title="bbox 358 331 1764 1021">
     <span class='ocr_line' id='line_1_2' title="bbox 358 331 1705 445; baseline -0.014 -20"><span class='ocrx_word' id='word_1_3' title='bbox 358 405 360 408; x_wconf 92' lang='lat'>-</span> <span class='ocrx_word' id='word_1_4' title='bbox 442 349 562 422; x_wconf 83' lang='lat' dir='ltr'><em>censuit</em></span> <span class='ocrx_word' id='word_1_5' title='bbox 571 403 581 436; x_wconf 89' lang='lat'>,</span> <span class='ocrx_word' id='word_1_6' title='bbox 591 349 729 445; x_wconf 81' lang='lat' dir='ltr'><em>Laugius</em></span> <span class='ocrx_word' id='word_1_7' title='bbox 746 343 778 415; x_wconf 90' lang='lat' dir='ltr'><em>id</em></span> <span class='ocrx_word' id='word_1_8' title='bbox 795 336 983 436; x_wconf 82' lang='lat' dir='ltr'><em>praecedente</em></span> <span class='ocrx_word' id='word_1_9' title='bbox 996 339 1105 434; x_wconf 86' lang='lat' dir='ltr'><em>quinta</em></span> <span class='ocrx_word' id='word_1_10' title='bbox 1119 331 1257 406; x_wconf 84' lang='lat' dir='ltr'><em>a&#39;ccidille</em></span> <span class='ocrx_word' id='word_1_11' title='bbox 1264 332 1427 432; x_wconf 79' lang='lat' dir='ltr'>pertendit.</span> <span class='ocrx_word' id='word_1_12' title='bbox 1452 335 1705 431; x_wconf 69' lang='lat' dir='ltr'><em>Gratuleturjmi</em></span> 
     </span>
     <span class='ocr_line' id='line_1_3' title="bbox 430 433 1705 544; baseline -0.013 -25"><span class='ocrx_word' id='word_1_13' title='bbox 430 447 503 519; x_wconf 77' lang='lat' dir='ltr'><em>&#39;sibi</em></span> <span class='ocrx_word' id='word_1_14' title='bbox 519 448 657 544; x_wconf 76' lang='lat' dir='ltr'><em>langius</em></span> <span class='ocrx_word' id='word_1_15' title='bbox 677 443 715 514; x_wconf 87' lang='lat' dir='ltr'><em>de</em></span> <span class='ocrx_word' id='word_1_16' title='bbox 736 439 849 535; x_wconf 74' lang='lat' dir='ltr'><em>insigni</em></span> <span class='ocrx_word' id='word_1_17' title='bbox 862 435 913 507; x_wconf 87' lang='lat' dir='ltr'><em>hic</em></span> <span class='ocrx_word' id='word_1_18' title='bbox 937 457 1059 532; x_wconf 81' lang='lat' dir='ltr'><em>reperto</em></span> <span class='ocrx_word' id='word_1_19' title='bbox 1075 454 1227 529; x_wconf 88' lang='lat' dir='ltr'><em>patrono,</em></span> <span class='ocrx_word' id='word_1_20' title='bbox 1252 433 1438 529; x_wconf 76' lang='lat' dir='ltr'>credantque</span> <span class='ocrx_word' id='word_1_21' title='bbox 1454 433 1488 504; x_wconf 91' lang='lat' dir='ltr'><em>id</em></span> <span class='ocrx_word' id='word_1_22' title='bbox 1501 435 1564 521; x_wconf 92' lang='lat' dir='ltr'><em>illi,</em></span> <span class='ocrx_word' id='word_1_23' title='bbox 1591 442 1648 535; x_wconf 85' lang='lat' dir='ltr'><em>qui</em></span> <span class='ocrx_word' id='word_1_24' title='bbox 1665 445 1705 534; x_wconf 60' lang='lat' dir='ltr'><em>ep·</em></span> 
     </span>
     <span class='ocr_line' id='line_1_4' title="bbox 444 526 1702 631; baseline -0.006 -18"><span class='ocrx_word' id='word_1_25' title='bbox 444 547 582 631; x_wconf 63' lang='grc' dir='ltr'><em>ἀμετρίᾳ</em></span> <span class='ocrx_word' id='word_1_26' title='bbox 604 551 656 620; x_wconf 73' lang='lat' dir='ltr'><em>tit</em></span> <span class='ocrx_word' id='word_1_27' title='bbox 677 543 830 614; x_wconf 60' lang='lat' dir='ltr'><em>duumuir</em></span> <span class='ocrx_word' id='word_1_28' title='bbox 850 529 921 604; x_wconf 88' lang='lat' dir='ltr'><em>sunt</em></span> <span class='ocrx_word' id='word_1_29' title='bbox 937 531 1064 604; x_wconf 70' lang='lat' dir='ltr'><em>federati.</em></span> <span class='ocrx_word' id='word_1_30' title='bbox 1108 532 1218 600; x_wconf 88' lang='lat' dir='ltr'><em>Solum</em></span> <span class='ocrx_word' id='word_1_31' title='bbox 1232 527 1333 626; x_wconf 90' lang='lat' dir='ltr'><em>iplum</em></span> <span class='ocrx_word' id='word_1_32' title='bbox 1350 529 1447 600; x_wconf 88' lang='lat' dir='ltr'><em>modo</em></span> <span class='ocrx_word' id='word_1_33' title='bbox 1464 526 1567 602; x_wconf 89' lang='lat' dir='ltr'><em>secum</em></span> <span class='ocrx_word' id='word_1_34' title='bbox 1580 531 1702 629; x_wconf 86' lang='lat' dir='ltr'><em>spatiari</em></span> 
     </span>
     <span class='ocr_line' id='line_1_5' title="bbox 443 622 1764 729; baseline -0.012 -15"><span class='ocrx_word' id='word_1_35' title='bbox 443 644 621 725; x_wconf 81' lang='lat' dir='ltr'><em>cemimus,</em></span> <span class='ocrx_word' id='word_1_36' title='bbox 646 658 708 708; x_wconf 82' lang='lat' dir='ltr'><em>tatu</em></span> <span class='ocrx_word' id='word_1_37' title='bbox 724 633 802 704; x_wconf 88' lang='lat' dir='ltr'><em>duce</em></span> <span class='ocrx_word' id='word_1_38' title='bbox 817 631 874 729; x_wconf 89' lang='lat' dir='ltr'><em>qui</em></span> <span class='ocrx_word' id='word_1_39' title='bbox 888 650 1018 726; x_wconf 79' lang='lat' dir='ltr'><em>praeeat,</em></span> <span class='ocrx_word' id='word_1_40' title='bbox 1041 651 1137 725; x_wconf 84' lang='lat' dir='ltr'><em>quam</em></span> <span class='ocrx_word' id='word_1_41' title='bbox 1153 629 1269 710; x_wconf 85' lang='lat' dir='ltr'><em>milite,</em></span> <span class='ocrx_word' id='word_1_42' title='bbox 1295 628 1352 725; x_wconf 92' lang='lat' dir='ltr'><em>qui</em></span> <span class='ocrx_word' id='word_1_43' title='bbox 1366 627 1451 719; x_wconf 74' lang='lat' dir='ltr'><em>sigua</em></span> <span class='ocrx_word' id='word_1_44' title='bbox 1468 622 1628 725; x_wconf 81' lang='lat' dir='ltr'><em>sequatur,</em></span> <span class='ocrx_word' id='word_1_45' title='bbox 1644 632 1702 702; x_wconf 84' lang='lat' dir='ltr'><em>de·</em></span> <span class='ocrx_word' id='word_1_46' title='bbox 1762 693 1764 698; x_wconf 89' lang='lat'><em>.</em></span> 
     </span>
     <span class='ocr_line' id='line_1_6' title="bbox 443 722 1703 825; baseline -0.006 -16"><span class='ocrx_word' id='word_1_47' title='bbox 443 737 597 808; x_wconf 88' lang='lat' dir='ltr'>stitutum.</span> <span class='ocrx_word' id='word_1_48' title='bbox 632 735 701 823; x_wconf 90' lang='lat' dir='ltr'><em>Qui</em></span> <span class='ocrx_word' id='word_1_49' title='bbox 716 733 904 825; x_wconf 73' lang='lat' dir='ltr'><em>scripturam</em></span> <span class='ocrx_word' id='word_1_50' title='bbox 921 728 1129 798; x_wconf 82' lang='lat' dir='ltr'><em>&amp;veritatem</em></span> <span class='ocrx_word' id='word_1_51' title='bbox 1147 725 1328 820; x_wconf 75' lang='lat' dir='ltr'>dereliquit,</span> <span class='ocrx_word' id='word_1_52' title='bbox 1354 722 1437 794; x_wconf 87' lang='lat' dir='ltr'>hunc</span> <span class='ocrx_word' id='word_1_53' title='bbox 1455 730 1556 796; x_wconf 80' lang='lat' dir='ltr'><em>Patres</em></span> <span class='ocrx_word' id='word_1_54' title='bbox 1567 726 1703 801; x_wconf 79' lang='lat' dir='ltr'><em>turiverli</em></span> 
     </span>
     <span class='ocr_line' id='line_1_7' title="bbox 444 819 1703 924; baseline -0.014 -21"><span class='ocrx_word' id='word_1_55' title='bbox 444 838 559 908; x_wconf 85' lang='lat' dir='ltr'><em>merito</em></span> <span class='ocrx_word' id='word_1_56' title='bbox 573 827 723 902; x_wconf 82' lang='lat' dir='ltr'><em>desenmt.</em></span> <span class='ocrx_word' id='word_1_57' title='bbox 747 825 845 898; x_wconf 87' lang='lat' dir='ltr'><em>Nuda</em></span> <span class='ocrx_word' id='word_1_58' title='bbox 860 826 917 924; x_wconf 91' lang='lat' dir='ltr'><em>qui</em></span> <span class='ocrx_word' id='word_1_59' title='bbox 932 822 1051 894; x_wconf 85' lang='lat' dir='ltr'><em>claudat</em></span> <span class='ocrx_word' id='word_1_60' title='bbox 1065 823 1176 909; x_wconf 85' lang='lat' dir='ltr'><em>latera,</em></span> <span class='ocrx_word' id='word_1_61' title='bbox 1200 824 1360 895; x_wconf 74' lang='lat' dir='ltr'><em>nemmem</em></span> <span class='ocrx_word' id='word_1_62' title='bbox 1374 819 1523 921; x_wconf 80' lang='lat' dir='ltr'>usquam,</span> <span class='ocrx_word' id='word_1_63' title='bbox 1547 821 1605 898; x_wconf 87' lang='lat' dir='ltr'><em>uili</em></span> <span class='ocrx_word' id='word_1_64' title='bbox 1618 825 1703 900; x_wconf 82' lang='lat' dir='ltr'><em>mul.</em></span> 
     </span>
     <span class='ocr_line' id='line_1_8' title="bbox 444 921 1523 1021; baseline -0.019 -20"><span class='ocrx_word' id='word_1_65' title='bbox 444 949 515 1003; x_wconf 88' lang='lat' dir='ltr'><em>tum</em></span> <span class='ocrx_word' id='word_1_66' title='bbox 531 927 639 1014; x_wconf 86' lang='lat' dir='ltr'><em>fallor,</em></span> <span class='ocrx_word' id='word_1_67' title='bbox 664 921 880 1021; x_wconf 77' lang='lat' dir='ltr'><em>consequeuu·</em></span> <span class='ocrx_word' id='word_1_68' title='bbox 1518 923 1523 928; x_wconf 84' lang='grc'><em>’</em></span> 
     </span>
    </p>
   </div>
   <div class='ocr_carea' id='block_1_3' title="bbox 859 1135 1279 1223">
    <p class='ocr_par' dir='ltr' id='par_1_3' title="bbox 859 1135 1279 1258">
     <span class='ocr_line' id='line_1_9' title="bbox 859 1135 1279 1223; baseline 0 -3"><span class='ocrx_word' id='word_1_69' title='bbox 859 1136 1137 1222; x_wconf 64' lang='lat' dir='ltr'><em>Carum</em></span> <span class='ocrx_word' id='word_1_70' title='bbox 1193 1135 1279 1223; x_wconf 77' lang='lat' dir='ltr'><em>vt</em></span> 
     </span>
    </p>
   </div>
   <div class='ocr_carea' id='block_1_4' title="bbox 440 1299 1706 2848">
    <p class='ocr_par' dir='ltr' id='par_1_4' title="bbox 440 1299 1706 2848">
     <span class='ocr_line' id='line_1_10' title="bbox 440 1299 1702 1407; baseline -0.002 -29"><span class='ocrx_word' id='word_1_71' title='bbox 440 1299 644 1407; x_wconf 77' lang='lat' dir='ltr'><em>Argumenta</em></span> <span class='ocrx_word' id='word_1_72' title='bbox 660 1329 677 1376; x_wconf 83' lang='lat' dir='ltr'><em>t</em></span> <span class='ocrx_word' id='word_1_73' title='bbox 697 1307 858 1406; x_wconf 75' lang='lat' dir='ltr'><em>Scriptura</em></span> <span class='ocrx_word' id='word_1_74' title='bbox 869 1321 927 1400; x_wconf 86' lang='lat' dir='ltr'><em>pro</em></span> <span class='ocrx_word' id='word_1_75' title='bbox 944 1307 1074 1397; x_wconf 85' lang='lat' dir='ltr'><em>antiqua</em></span> <span class='ocrx_word' id='word_1_76' title='bbox 1088 1323 1223 1396; x_wconf 79' lang='lat' dir='ltr'><em>veraque</em></span> <span class='ocrx_word' id='word_1_77' title='bbox 1230 1303 1380 1394; x_wconf 76' lang='lat' dir='ltr'><em>sententia</em></span> <span class='ocrx_word' id='word_1_78' title='bbox 1389 1299 1552 1399; x_wconf 73' lang='lat' dir='ltr'><em>firmanda</em></span> <span class='ocrx_word' id='word_1_79' title='bbox 1566 1303 1702 1397; x_wconf 77' lang='lat' dir='ltr'><em>afferun-</em></span> 
     </span>
     <span class='ocr_line' id='line_1_11' title="bbox 483 1396 1702 1497; baseline -0.002 -22"><span class='ocrx_word' id='word_1_80' title='bbox 483 1419 486 1426; x_wconf 89' lang='lat'>&#39;</span> <span class='ocrx_word' id='word_1_81' title='bbox 541 1426 603 1478; x_wconf 87' lang='lat' dir='ltr'><em>rur.</em></span> <span class='ocrx_word' id='word_1_82' title='bbox 636 1407 664 1474; x_wconf 88' lang='lat'><em>1.</em></span> <span class='ocrx_word' id='word_1_83' title='bbox 686 1405 826 1485; x_wconf 80' lang='lat' dir='ltr'><em>Elaris,</em></span> <span class='ocrx_word' id='word_1_84' title='bbox 851 1396 903 1468; x_wconf 80' lang='lat' dir='ltr'><em>ubi</em></span> <span class='ocrx_word' id='word_1_85' title='bbox 918 1401 1009 1468; x_wconf 87' lang='lat' dir='ltr'><em>tertio</em></span> <span class='ocrx_word' id='word_1_86' title='bbox 1026 1399 1076 1468; x_wconf 87' lang='lat' dir='ltr'><em>die</em></span> <span class='ocrx_word' id='word_1_87' title='bbox 1090 1397 1384 1492; x_wconf 70' lang='lat' dir='ltr'><em>Christusfitmatfft</em></span> <span class='ocrx_word' id='word_1_88' title='bbox 1393 1398 1577 1497; x_wconf 70' lang='lat' dir='ltr'><em>perhibetur.</em></span> <span class='ocrx_word' id='word_1_89' title='bbox 1612 1405 1702 1472; x_wconf 68' lang='lat' dir='ltr'><em>tte</em></span> 
     </span>
     <span class='ocr_line' id='line_1_12' title="bbox 539 1493 1701 1597; baseline -0.002 -27"><span class='ocrx_word' id='word_1_90' title='bbox 539 1507 662 1570; x_wconf 84' lang='lat' dir='ltr'><em>nomine</em></span> <span class='ocrx_word' id='word_1_91' title='bbox 683 1495 858 1570; x_wconf 69' lang='lat' dir='ltr'>parasceves</span> <span class='ocrx_word' id='word_1_92' title='bbox 873 1493 939 1563; x_wconf 82' lang='lat' dir='ltr'><em>diei</em></span> <span class='ocrx_word' id='word_1_93' title='bbox 956 1493 1103 1588; x_wconf 78' lang='lat' dir='ltr'><em>Paffianis</em></span> <span class='ocrx_word' id='word_1_94' title='bbox 1119 1494 1239 1564; x_wconf 84' lang='lat' dir='ltr'><em>triltttt.</em></span> <span class='ocrx_word' id='word_1_95' title='bbox 1280 1502 1359 1585; x_wconf 77' lang='lat' dir='ltr'><em>Eius</em></span> <span class='ocrx_word' id='word_1_96' title='bbox 1376 1503 1506 1597; x_wconf 80' lang='lat' dir='ltr'><em>propria</em></span> <span class='ocrx_word' id='word_1_97' title='bbox 1517 1495 1701 1593; x_wconf 74' lang='lat' dir='ltr'><em>fignt&#39;ficatir</em></span> 
     </span>
     <span class='ocr_line' id='line_1_13' title="bbox 538 1590 1702 1692; baseline -0.001 -26"><span class='ocrx_word' id='word_1_98' title='bbox 538 1597 714 1692; x_wconf 69' lang='lat' dir='ltr'><em>ostenditur.</em></span> <span class='ocrx_word' id='word_1_99' title='bbox 740 1601 820 1666; x_wconf 81' lang='lat' dir='ltr'><em>Item</em></span> <span class='ocrx_word' id='word_1_100' title='bbox 836 1617 875 1658; x_wconf 85' lang='lat' dir='ltr'><em>tx</em></span> <span class='ocrx_word' id='word_1_101' title='bbox 888 1595 1086 1689; x_wconf 76' lang='lat' dir='ltr'><em>appellatione</em></span> <span class='ocrx_word' id='word_1_102' title='bbox 1101 1590 1299 1679; x_wconf 65' lang='lat' dir='ltr'><em>rporasssstirt</em></span> <span class='ocrx_word' id='word_1_103' title='bbox 1315 1599 1702 1690; x_wconf 76' lang='lat' dir='ltr'><em>Mart.XV‚42.quat7⁴</em></span> 
     </span>
     <span class='ocr_line' id='line_1_14' title="bbox 540 1687 1702 1795; baseline -0.004 -31"><span class='ocrx_word' id='word_1_104' title='bbox 540 1689 722 1795; x_wconf 68' lang='lat' dir='ltr'><em>explicitur.</em></span> <span class='ocrx_word' id='word_1_105' title='bbox 775 1693 842 1757; x_wconf 90' lang='lat' dir='ltr'><em>III.</em></span> <span class='ocrx_word' id='word_1_106' title='bbox 866 1689 954 1782; x_wconf 69' lang='lat' dir='ltr'><em>Quia</em></span> <span class='ocrx_word' id='word_1_107' title='bbox 978 1687 1093 1778; x_wconf 78' lang='lat' dir='ltr'><em>Pascha</em></span> <span class='ocrx_word' id='word_1_108' title='bbox 1110 1713 1142 1756; x_wconf 83' lang='lat' dir='ltr'><em>to</em></span> <span class='ocrx_word' id='word_1_109' title='bbox 1158 1713 1238 1758; x_wconf 84' lang='lat' dir='ltr'><em>anno</em></span> <span class='ocrx_word' id='word_1_110' title='bbox 1256 1696 1289 1758; x_wconf 84' lang='lat' dir='ltr'><em>itt</em></span> <span class='ocrx_word' id='word_1_111' title='bbox 1305 1689 1468 1762; x_wconf 71' lang='lat' dir='ltr'><em>Sabbatum</em></span> <span class='ocrx_word' id='word_1_112' title='bbox 1489 1691 1621 1783; x_wconf 75' lang='lat' dir='ltr'><em>inattltffa</em></span> <span class='ocrx_word' id='word_1_113' title='bbox 1636 1715 1702 1759; x_wconf 86' lang='lat' dir='ltr'><em>me·</em></span> 
     </span>
     <span class='ocr_line' id='line_1_15' title="bbox 541 1779 1703 1882; baseline -0.004 -21"><span class='ocrx_word' id='word_1_114' title='bbox 541 1811 688 1861; x_wconf 80' lang='lat' dir='ltr'><em>moratur.</em></span> <span class='ocrx_word' id='word_1_115' title='bbox 714 1783 838 1856; x_wconf 80' lang='lat' dir='ltr'><em>Sabbati</em></span> <span class='ocrx_word' id='word_1_116' title='bbox 852 1790 932 1854; x_wconf 81' lang='lat' dir='ltr'><em>norit</em></span> <span class='ocrx_word' id='word_1_117' title='bbox 946 1783 1020 1880; x_wconf 83' lang='lat' dir='ltr'><em>quid</em></span> <span class='ocrx_word' id='word_1_118' title='bbox 1031 1791 1181 1882; x_wconf 78' lang='lat' dir='ltr'><em>primario</em></span> <span class='ocrx_word' id='word_1_119' title='bbox 1197 1779 1350 1882; x_wconf 75' lang='lat' dir='ltr'><em>defigitur?</em></span> <span class='ocrx_word' id='word_1_120' title='bbox 1377 1794 1475 1858; x_wconf 86' lang='lat' dir='ltr'><em>Locus</em></span> <span class='ocrx_word' id='word_1_121' title='bbox 1488 1785 1703 1880; x_wconf 65' lang='lat' dir='ltr'><em>talmatii,</em></span> 
     </span>
     <span class='ocr_line' id='line_1_16' title="bbox 545 1881 1702 1985; baseline -0.003 -29"><span class='ocrx_word' id='word_1_122' title='bbox 545 1911 601 1985; x_wconf 85' lang='lat'><em>3¹·</em></span> <span class='ocrx_word' id='word_1_123' title='bbox 619 1888 788 1978; x_wconf 76' lang='lat' dir='ltr'><em>exponitur.</em></span> <span class='ocrx_word' id='word_1_124' title='bbox 822 1881 957 1970; x_wconf 73' lang='grc' dir='ltr'><strong><em>Μεγάλη</em></strong></span> <span class='ocrx_word' id='word_1_125' title='bbox 974 1885 1070 1976; x_wconf 67' lang='lat' dir='ltr'><em>iulet</em></span> <span class='ocrx_word' id='word_1_126' title='bbox 1086 1882 1183 1978; x_wconf 82' lang='lat' dir='ltr'><em>quidl</em></span> <span class='ocrx_word' id='word_1_127' title='bbox 1219 1886 1281 1954; x_wconf 92' lang='lat' dir='ltr'><em>IV.</em></span> <span class='ocrx_word' id='word_1_128' title='bbox 1300 1882 1446 1955; x_wconf 81' lang='lat' dir='ltr'><em>Everlrit</em></span> <span class='ocrx_word' id='word_1_129' title='bbox 1464 1889 1553 1956; x_wconf 80' lang='lat' dir='ltr'><em>Lucu</em></span> <span class='ocrx_word' id='word_1_130' title='bbox 1566 1888 1702 1973; x_wconf 82' lang='lat' dir='ltr'><em>XXIII,</em></span> 
     </span>
     <span class='ocr_line' id='line_1_17' title="bbox 440 1973 1705 2076; baseline 0.001 -25"><span class='ocrx_word' id='word_1_131' title='bbox 440 2037 443 2044; x_wconf 77' lang='grc'><em>,</em></span> <span class='ocrx_word' id='word_1_132' title='bbox 547 1991 603 2076; x_wconf 84' lang='lat'><em>56.</em></span> <span class='ocrx_word' id='word_1_133' title='bbox 636 1985 769 2052; x_wconf 82' lang='lat' dir='ltr'><em>Unicum</em></span> <span class='ocrx_word' id='word_1_134' title='bbox 783 1973 948 2048; x_wconf 79' lang='lat' dir='ltr'><em>Sabbatum</em></span> <span class='ocrx_word' id='word_1_135' title='bbox 967 1976 1097 2076; x_wconf 73' lang='lat' dir='ltr'><em>Christus</em></span> <span class='ocrx_word' id='word_1_136' title='bbox 1113 1986 1146 2048; x_wconf 86' lang='lat' dir='ltr'><em>ir</em></span> <span class='ocrx_word' id='word_1_137' title='bbox 1160 1982 1349 2064; x_wconf 65' lang='lat' dir='ltr'><em>turuulw</em></span> <span class='ocrx_word' id='word_1_138' title='bbox 1364 1983 1505 2052; x_wconf 71' lang='lat' dir='ltr'><em>mulieres</em></span> <span class='ocrx_word' id='word_1_139' title='bbox 1520 1986 1623 2052; x_wconf 80' lang='lat' dir='ltr'><em>irratio</em></span> <span class='ocrx_word' id='word_1_140' title='bbox 1631 2007 1705 2052; x_wconf 81' lang='lat' dir='ltr'><em>exe·</em></span> 
     </span>
     <span class='ocr_line' id='line_1_18' title="bbox 441 2075 1703 2175; baseline -0.003 -23"><span class='ocrx_word' id='word_1_141' title='bbox 441 2132 448 2152; x_wconf 79' lang='lat'><em>.</em></span> <span class='ocrx_word' id='word_1_142' title='bbox 534 2097 656 2173; x_wconf 74' lang='lat' dir='ltr'><em>gerunt.</em></span> <span class='ocrx_word' id='word_1_143' title='bbox 685 2081 814 2148; x_wconf 81' lang='lat' dir='ltr'><em>Locutio</em></span> <span class='ocrx_word' id='word_1_144' title='bbox 833 2079 1028 2166; x_wconf 67' lang='lat' dir='ltr'><em>tltaytrtptiru</em></span> <span class='ocrx_word' id='word_1_145' title='bbox 1042 2079 1079 2144; x_wconf 77' lang='lat' dir='ltr'><em>tri</em></span> <span class='ocrx_word' id='word_1_146' title='bbox 1095 2077 1241 2146; x_wconf 69' lang='lat' dir='ltr'><em>ratCsstiru</em></span> <span class='ocrx_word' id='word_1_147' title='bbox 1257 2075 1340 2175; x_wconf 73' lang='lat' dir='ltr'><em>apud</em></span> <span class='ocrx_word' id='word_1_148' title='bbox 1348 2077 1703 2165; x_wconf 76' lang='lat' dir='ltr'><em>Marcumdtclurutur,</em></span> 
     </span>
     <span class='ocr_line' id='line_1_19' title="bbox 543 2166 1705 2270; baseline 0.002 -26"><span class='ocrx_word' id='word_1_149' title='bbox 543 2195 578 2246; x_wconf 84' lang='lat' dir='ltr'><em>itt</em></span> <span class='ocrx_word' id='word_1_150' title='bbox 592 2189 640 2246; x_wconf 61' lang='lat' dir='ltr'><em>(T</em></span> <span class='ocrx_word' id='word_1_151' title='bbox 654 2175 724 2245; x_wconf 74' lang='lat' dir='ltr'><em>ulia</em></span> <span class='ocrx_word' id='word_1_152' title='bbox 737 2170 819 2270; x_wconf 76' lang='lat' dir='ltr'><em>apud</em></span> <span class='ocrx_word' id='word_1_153' title='bbox 835 2174 1020 2244; x_wconf 71' lang='lat' dir='ltr'><em>Martiam</em></span> <span class='ocrx_word' id='word_1_154' title='bbox 1033 2166 1092 2252; x_wconf 72' lang='lat' dir='ltr'><em>iile</em></span> <span class='ocrx_word' id='word_1_155' title='bbox 1109 2169 1286 2243; x_wconf 71' lang='lat' dir='ltr'><em>ruCGa‘rtur.</em></span> <span class='ocrx_word' id='word_1_156' title='bbox 1320 2177 1361 2244; x_wconf 91' lang='lat' dir='ltr'><em>V.</em></span> <span class='ocrx_word' id='word_1_157' title='bbox 1376 2174 1540 2245; x_wconf 73' lang='lat' dir='ltr'><em>Eduarum</em></span> <span class='ocrx_word' id='word_1_158' title='bbox 1555 2175 1705 2270; x_wconf 72' lang='lat' dir='ltr'><em>Discipu-</em></span> 
     </span>
     <span class='ocr_line' id='line_1_20' title="bbox 541 2269 1705 2366; baseline 0.003 -26"><span class='ocrx_word' id='word_1_159' title='bbox 541 2271 643 2344; x_wconf 82' lang='lat' dir='ltr'><em>lorum</em></span> <span class='ocrx_word' id='word_1_160' title='bbox 655 2269 757 2343; x_wconf 79' lang='lat' dir='ltr'><em>uerbis</em></span> <span class='ocrx_word' id='word_1_161' title='bbox 770 2277 845 2341; x_wconf 87' lang='lat' dir='ltr'><em>Luc.</em></span> <span class='ocrx_word' id='word_1_162' title='bbox 855 2271 978 2353; x_wconf 81' lang='lat' dir='ltr'><em>XXIV,</em></span> <span class='ocrx_word' id='word_1_163' title='bbox 987 2293 1041 2342; x_wconf 87' lang='lat'><em>21.</em></span> <span class='ocrx_word' id='word_1_164' title='bbox 1054 2294 1181 2365; x_wconf 82' lang='lat' dir='ltr'><em>quartur</em></span> <span class='ocrx_word' id='word_1_165' title='bbox 1194 2274 1248 2338; x_wconf 82' lang='lat' dir='ltr'><em>vis</em></span> <span class='ocrx_word' id='word_1_166' title='bbox 1261 2275 1453 2366; x_wconf 75' lang='lat' dir='ltr'><em>exprimitur.</em></span> <span class='ocrx_word' id='word_1_167' title='bbox 1501 2276 1558 2344; x_wconf 87' lang='lat' dir='ltr'><em>Vl.</em></span> <span class='ocrx_word' id='word_1_168' title='bbox 1583 2276 1613 2340; x_wconf 82' lang='grc' dir='ltr'><em>Ε</em></span> <span class='ocrx_word' id='word_1_169' title='bbox 1626 2271 1705 2342; x_wconf 78' lang='lat' dir='ltr'><em>cha·</em></span> 
     </span>
     <span class='ocr_line' id='line_1_21' title="bbox 539 2362 1705 2462; baseline 0.002 -24"><span class='ocrx_word' id='word_1_170' title='bbox 539 2367 709 2460; x_wconf 75' lang='lat' dir='ltr'><em>tullerisma</em></span> <span class='ocrx_word' id='word_1_171' title='bbox 723 2367 787 2437; x_wconf 81' lang='lat' dir='ltr'><em>diti</em></span> <span class='ocrx_word' id='word_1_172' title='bbox 803 2362 1006 2436; x_wconf 75' lang='lat' dir='ltr'><em>pentecostes.</em></span> <span class='ocrx_word' id='word_1_173' title='bbox 1033 2365 1144 2460; x_wconf 82' lang='lat' dir='ltr'><em>Miffit</em></span> <span class='ocrx_word' id='word_1_174' title='bbox 1157 2371 1288 2462; x_wconf 75' lang='lat' dir='ltr'><em>Spiritus</em></span> <span class='ocrx_word' id='word_1_175' title='bbox 1303 2373 1338 2436; x_wconf 91' lang='lat' dir='ltr'><em>S.</em></span> <span class='ocrx_word' id='word_1_176' title='bbox 1354 2365 1406 2434; x_wconf 82' lang='lat' dir='ltr'><em>die</em></span> <span class='ocrx_word' id='word_1_177' title='bbox 1424 2372 1588 2439; x_wconf 84' lang='lat' dir='ltr'><em>Dominicr</em></span> <span class='ocrx_word' id='word_1_178' title='bbox 1596 2370 1705 2460; x_wconf 66' lang='lat' dir='ltr'><em>faiis,</em></span> 
     </span>
     <span class='ocr_line' id='line_1_22' title="bbox 539 2460 1706 2562; baseline 0.001 -27"><span class='ocrx_word' id='word_1_179' title='bbox 539 2488 596 2536; x_wconf 82' lang='lat' dir='ltr'><em>net</em></span> <span class='ocrx_word' id='word_1_180' title='bbox 610 2489 669 2534; x_wconf 82' lang='lat' dir='ltr'><em>non</em></span> <span class='ocrx_word' id='word_1_181' title='bbox 686 2469 699 2531; x_wconf 89' lang='lat' dir='ltr'><em>t&#39;</em></span> <span class='ocrx_word' id='word_1_182' title='bbox 728 2461 953 2549; x_wconf 78' lang='lat' dir='ltr'><em>aPeutecostalt</em></span> <span class='ocrx_word' id='word_1_183' title='bbox 962 2460 1049 2556; x_wconf 69' lang='lat' dir='ltr'><em>fufio.</em></span> <span class='ocrx_word' id='word_1_184' title='bbox 1074 2461 1156 2533; x_wconf 90' lang='lat' dir='ltr'><em>Lud.</em></span> <span class='ocrx_word' id='word_1_185' title='bbox 1173 2461 1296 2558; x_wconf 85' lang='lat' dir='ltr'><em>Capelli</em></span> <span class='ocrx_word' id='word_1_186' title='bbox 1309 2467 1412 2562; x_wconf 81' lang='lat' dir='ltr'><em>opinio</em></span> <span class='ocrx_word' id='word_1_187' title='bbox 1425 2467 1588 2554; x_wconf 76' lang='lat' dir='ltr'><em>refellitur.</em></span> <span class='ocrx_word' id='word_1_188' title='bbox 1622 2471 1706 2536; x_wconf 84' lang='lat' dir='ltr'><em>Iterrt</em></span> 
     </span>
     <span class='ocr_line' id='line_1_23' title="bbox 541 2485 1706 2658; baseline 0.001 -26"><span class='ocrx_word' id='word_1_189' title='bbox 541 2563 654 2657; x_wconf 84' lang='lat' dir='ltr'><em>Langii</em></span> <span class='ocrx_word' id='word_1_190' title='bbox 672 2485 716 2628; x_wconf 56' lang='grc' dir='ltr'><em>ιζ</em></span> <span class='ocrx_word' id='word_1_191' title='bbox 727 2559 910 2650; x_wconf 72' lang='lat' dir='ltr'><em>solennitate</em></span> <span class='ocrx_word' id='word_1_192' title='bbox 925 2563 1113 2630; x_wconf 79' lang='lat' dir='ltr'><em>Karaorum.</em></span> <span class='ocrx_word' id='word_1_193' title='bbox 1156 2558 1283 2657; x_wconf 79' lang='lat' dir='ltr'><em>Epotha</em></span> <span class='ocrx_word' id='word_1_194' title='bbox 1305 2561 1515 2649; x_wconf 66' lang='lat' dir='ltr'><em>tansmittit</em></span> <span class='ocrx_word' id='word_1_195' title='bbox 1529 2563 1706 2658; x_wconf 79' lang='lat' dir='ltr'><em>explicatur</em></span> 
     </span>
     <span class='ocr_line' id='line_1_24' title="bbox 541 2649 1706 2753; baseline 0.003 -27"><span class='ocrx_word' id='word_1_196' title='bbox 541 2670 591 2726; x_wconf 58' lang='grc' dir='ltr'><em>(θ’</em></span> <span class='ocrx_word' id='word_1_197' title='bbox 605 2657 789 2753; x_wconf 79' lang='lat' dir='ltr'><em>applicatur.</em></span> <span class='ocrx_word' id='word_1_198' title='bbox 815 2654 918 2747; x_wconf 72' lang='lat' dir='ltr'><em>Quale</em></span> <span class='ocrx_word' id='word_1_199' title='bbox 931 2681 948 2724; x_wconf 83' lang='lat' dir='ltr'><em>e</em></span> <span class='ocrx_word' id='word_1_200' title='bbox 961 2657 1079 2728; x_wconf 71' lang='lat' dir='ltr'><em>calculi</em></span> <span class='ocrx_word' id='word_1_201' title='bbox 1081 2655 1244 2752; x_wconf 68' lang='lat' dir='ltr'><em>subsidium</em></span> <span class='ocrx_word' id='word_1_202' title='bbox 1249 2649 1396 2752; x_wconf 74' lang='lat' dir='ltr'><em>petatur?</em></span> <span class='ocrx_word' id='word_1_203' title='bbox 1423 2667 1486 2730; x_wconf 86' lang='lat' dir='ltr'><em>Cur</em></span> <span class='ocrx_word' id='word_1_204' title='bbox 1495 2657 1631 2752; x_wconf 75' lang='lat' dir='ltr'><em>Christus</em></span> <span class='ocrx_word' id='word_1_205' title='bbox 1638 2661 1706 2730; x_wconf 74' lang='lat' dir='ltr'><em>alio</em></span> 
     </span>
     <span class='ocr_line' id='line_1_25' title="bbox 539 2749 1374 2848; baseline -0.002 -26"><span class='ocrx_word' id='word_1_206' title='bbox 539 2750 609 2840; x_wconf 80' lang='lat' dir='ltr'><em>dit,</em></span> <span class='ocrx_word' id='word_1_207' title='bbox 633 2775 725 2848; x_wconf 84' lang='lat' dir='ltr'><em>quarn</em></span> <span class='ocrx_word' id='word_1_208' title='bbox 742 2749 859 2848; x_wconf 58' lang='lat' dir='ltr'><em>judai,</em></span> <span class='ocrx_word' id='word_1_209' title='bbox 884 2750 999 2844; x_wconf 70' lang='lat' dir='ltr'><em>Pascha</em></span> <span class='ocrx_word' id='word_1_210' title='bbox 1010 2750 1193 2824; x_wconf 66' lang='lat' dir='ltr'><em>comederit}</em></span> <span class='ocrx_word' id='word_1_211' title='bbox 1221 2767 1299 2824; x_wconf 60' lang='lat' dir='ltr'><em>(rc.</em></span> <span class='ocrx_word' id='word_1_212' title='bbox 1370 2756 1374 2764; x_wconf 85' lang='grc'><em>“</em></span> 
     </span>
    </p>
   </div>
   <div class='ocr_carea' id='block_1_5' title="bbox 435 2942 1755 3992">
    <p class='ocr_par' dir='ltr' id='par_1_5' title="bbox 435 2942 1755 3992">
     <span class='ocr_line' id='line_1_26' title="bbox 514 2942 1709 3046; baseline 0.003 -28"><span class='ocrx_word' id='word_1_213' title='bbox 514 2947 633 3020; x_wconf 81' lang='lat' dir='ltr'><em>ationes</em></span> <span class='ocrx_word' id='word_1_214' title='bbox 646 2945 758 3043; x_wconf 86' lang='lat' dir='ltr'><em>Langii</em></span> <span class='ocrx_word' id='word_1_215' title='bbox 767 2996 779 3029; x_wconf 86' lang='lat'>,</span> <span class='ocrx_word' id='word_1_216' title='bbox 804 2969 880 3043; x_wconf 82' lang='lat' dir='ltr'><em>quas</em></span> <span class='ocrx_word' id='word_1_217' title='bbox 897 2969 957 3042; x_wconf 88' lang='lat' dir='ltr'><em>pro</em></span> <span class='ocrx_word' id='word_1_218' title='bbox 972 2970 1060 3018; x_wconf 87' lang='lat' dir='ltr'><em>noro</em></span> <span class='ocrx_word' id='word_1_219' title='bbox 1075 2945 1219 3044; x_wconf 77' lang='lat' dir='ltr'><em>dogmate</em></span> <span class='ocrx_word' id='word_1_220' title='bbox 1234 2942 1461 3020; x_wconf 84' lang='lat' dir='ltr'><em>statuminando</em></span> <span class='ocrx_word' id='word_1_221' title='bbox 1474 2948 1623 3020; x_wconf 79' lang='lat' dir='ltr'><em>adducere</em></span> <span class='ocrx_word' id='word_1_222' title='bbox 1643 2974 1709 3046; x_wconf 86' lang='lat' dir='ltr'><em>po-</em></span> 
     </span>
     <span class='ocr_line' id='line_1_27' title="bbox 443 2969 1706 3142; baseline -0.002 -22"><span class='ocrx_word' id='word_1_223' title='bbox 443 2969 513 3120; x_wconf 87' lang='lat' dir='ltr'>R</span> <span class='ocrx_word' id='word_1_224' title='bbox 540 3049 617 3129; x_wconf 87' lang='lat' dir='ltr'><em>tuit,</em></span> <span class='ocrx_word' id='word_1_225' title='bbox 642 3039 709 3114; x_wconf 64' lang='lat' dir='ltr'><em>litis</em></span> <span class='ocrx_word' id='word_1_226' title='bbox 726 3038 938 3126; x_wconf 80' lang='lat' dir='ltr'><em>lustravimus,</em></span> <span class='ocrx_word' id='word_1_227' title='bbox 963 3066 996 3112; x_wconf 88' lang='lat' dir='ltr'><em>ac</em></span> <span class='ocrx_word' id='word_1_228' title='bbox 1011 3043 1121 3114; x_wconf 82' lang='lat' dir='ltr'><em>dilutas</em></span> <span class='ocrx_word' id='word_1_229' title='bbox 1135 3040 1319 3114; x_wconf 77' lang='lat' dir='ltr'><em>remisimus.</em></span> <span class='ocrx_word' id='word_1_230' title='bbox 1345 3045 1534 3139; x_wconf 76' lang='lat' dir='ltr'><em>Scripturam</em></span> <span class='ocrx_word' id='word_1_231' title='bbox 1549 3045 1589 3117; x_wconf 82' lang='lat' dir='ltr'><em>ab</em></span> <span class='ocrx_word' id='word_1_232' title='bbox 1599 3049 1706 3142; x_wconf 84' lang='lat' dir='ltr'><em>inepta</em></span> 
     </span>
     <span class='ocr_line' id='line_1_28' title="bbox 437 3135 1708 3240; baseline -0.002 -25"><span class='ocrx_word' id='word_1_233' title='bbox 437 3149 508 3232; x_wconf 79' lang='lat' dir='ltr'><em>ejus</em></span> <span class='ocrx_word' id='word_1_234' title='bbox 520 3144 701 3238; x_wconf 84' lang='lat' dir='ltr'><em>allegatione</em></span> <span class='ocrx_word' id='word_1_235' title='bbox 718 3137 951 3212; x_wconf 78' lang='lat' dir='ltr'><em>vindicavimus.</em></span> <span class='ocrx_word' id='word_1_236' title='bbox 1001 3135 1172 3212; x_wconf 83' lang='lat' dir='ltr'><em>Personatis</em></span> <span class='ocrx_word' id='word_1_237' title='bbox 1188 3136 1282 3233; x_wconf 83' lang='lat' dir='ltr'><em>ipfius</em></span> <span class='ocrx_word' id='word_1_238' title='bbox 1298 3137 1426 3210; x_wconf 86' lang='lat' dir='ltr'><em>testibus</em></span> <span class='ocrx_word' id='word_1_239' title='bbox 1442 3141 1555 3212; x_wconf 86' lang='lat' dir='ltr'><em>larvam</em></span> <span class='ocrx_word' id='word_1_240' title='bbox 1573 3167 1708 3240; x_wconf 88' lang='lat' dir='ltr'><em>quoque</em></span> 
     </span>
     <span class='ocr_line' id='line_1_29' title="bbox 440 3233 1709 3332; baseline -0.003 -20"><span class='ocrx_word' id='word_1_241' title='bbox 440 3241 635 3312; x_wconf 76' lang='lat' dir='ltr'><em>detraximus.</em></span> <span class='ocrx_word' id='word_1_242' title='bbox 677 3236 768 3308; x_wconf 90' lang='lat' dir='ltr'><em>Nihil</em></span> <span class='ocrx_word' id='word_1_243' title='bbox 784 3234 962 3320; x_wconf 78' lang='lat' dir='ltr'><em>omifimus,</em></span> <span class='ocrx_word' id='word_1_244' title='bbox 987 3235 1076 3332; x_wconf 90' lang='lat' dir='ltr'>quod</span> <span class='ocrx_word' id='word_1_245' title='bbox 1091 3238 1140 3310; x_wconf 85' lang='lat' dir='ltr'><em>vel</em></span> <span class='ocrx_word' id='word_1_246' title='bbox 1157 3233 1362 3308; x_wconf 80' lang='lat' dir='ltr'><em>tenuillunam</em></span> <span class='ocrx_word' id='word_1_247' title='bbox 1375 3235 1523 3310; x_wconf 79' lang='lat' dir='ltr'><em>morbidae</em></span> <span class='ocrx_word' id='word_1_248' title='bbox 1537 3235 1635 3310; x_wconf 84' lang='lat' dir='ltr'><em>fiunti</em></span> <span class='ocrx_word' id='word_1_249' title='bbox 1650 3263 1709 3309; x_wconf 85' lang='lat' dir='ltr'><em>ce-</em></span> 
     </span>
     <span class='ocr_line' id='line_1_30' title="bbox 435 3329 1706 3430; baseline -0.002 -22"><span class='ocrx_word' id='word_1_250' title='bbox 435 3334 554 3408; x_wconf 78' lang='lat' dir='ltr'><em>·auliuu</em></span> <span class='ocrx_word' id='word_1_251' title='bbox 578 3335 721 3406; x_wconf 86' lang='lat' dir='ltr'><em>inducere</em></span> <span class='ocrx_word' id='word_1_252' title='bbox 737 3329 844 3429; x_wconf 84' lang='lat' dir='ltr'><em>pollet.</em></span> <span class='ocrx_word' id='word_1_253' title='bbox 896 3331 976 3404; x_wconf 87' lang='lat' dir='ltr'><em>Illud</em></span> <span class='ocrx_word' id='word_1_254' title='bbox 990 3339 1053 3421; x_wconf 87' lang='lat' dir='ltr'><em>jam</em></span> <span class='ocrx_word' id='word_1_255' title='bbox 1065 3330 1217 3430; x_wconf 86' lang='lat' dir='ltr'><em>superest,</em></span> <span class='ocrx_word' id='word_1_256' title='bbox 1242 3355 1278 3402; x_wconf 88' lang='lat' dir='ltr'><em>ut</em></span> <span class='ocrx_word' id='word_1_257' title='bbox 1290 3335 1353 3404; x_wconf 86' lang='lat' dir='ltr'><em>anti</em></span> <span class='ocrx_word' id='word_1_258' title='bbox 1376 3357 1449 3404; x_wconf 84' lang='lat' dir='ltr'><em>uam</em></span> <span class='ocrx_word' id='word_1_259' title='bbox 1464 3359 1499 3404; x_wconf 86' lang='lat' dir='ltr'><em>ac</em></span> <span class='ocrx_word' id='word_1_260' title='bbox 1516 3331 1706 3408; x_wconf 83' lang='lat' dir='ltr'><em>veriffimam</em></span> 
     </span>
     <span class='ocr_line' id='line_1_31' title="bbox 443 3359 1708 3528; baseline 0 -26"><span class='ocrx_word' id='word_1_261' title='bbox 443 3433 540 3506; x_wconf 89' lang='lat' dir='ltr'><em>totius</em></span> <span class='ocrx_word' id='word_1_262' title='bbox 566 3426 745 3502; x_wconf 78' lang='lat' dir='ltr'><em>Christiana</em></span> <span class='ocrx_word' id='word_1_263' title='bbox 768 3426 867 3523; x_wconf 89' lang='lat' dir='ltr'><em>plebis</em></span> <span class='ocrx_word' id='word_1_264' title='bbox 893 3423 1073 3500; x_wconf 83' lang='lat' dir='ltr'><em>sententiam</em></span> <span class='ocrx_word' id='word_1_265' title='bbox 1098 3433 1136 3502; x_wconf 91' lang='lat' dir='ltr'><em>iis</em></span> <span class='ocrx_word' id='word_1_266' title='bbox 1159 3359 1539 3528; x_wconf 59' lang='lat' dir='ltr'><em>argumentisitmemus,</em></span> <span class='ocrx_word' id='word_1_267' title='bbox 1587 3455 1708 3502; x_wconf 90' lang='lat' dir='ltr'><em>uorum</em></span> 
     </span>
     <span class='ocr_line' id='line_1_32' title="bbox 440 3521 1755 3626; baseline 0.002 -28"><span class='ocrx_word' id='word_1_268' title='bbox 440 3528 555 3602; x_wconf 81' lang='lat' dir='ltr'><em>robore</em></span> <span class='ocrx_word' id='word_1_269' title='bbox 568 3521 668 3619; x_wconf 86' lang='lat' dir='ltr'><em>septa,</em></span> <span class='ocrx_word' id='word_1_270' title='bbox 694 3526 827 3594; x_wconf 80' lang='lat' dir='ltr'><em>immota</em></span> <span class='ocrx_word' id='word_1_271' title='bbox 841 3549 875 3594; x_wconf 84' lang='lat' dir='ltr'><em>ac</em></span> <span class='ocrx_word' id='word_1_272' title='bbox 890 3523 1078 3600; x_wconf 84' lang='lat' dir='ltr'><em>inviolabilis</em></span> <span class='ocrx_word' id='word_1_273' title='bbox 1095 3523 1238 3622; x_wconf 77' lang='lat' dir='ltr'><em>persistat.</em></span> <span class='ocrx_word' id='word_1_274' title='bbox 1263 3525 1422 3626; x_wconf 84' lang='lat' dir='ltr'><em>Equidem</em></span> <span class='ocrx_word' id='word_1_275' title='bbox 1439 3529 1523 3598; x_wconf 90' lang='lat' dir='ltr'><em>nulla</em></span> <span class='ocrx_word' id='word_1_276' title='bbox 1538 3551 1582 3598; x_wconf 89' lang='lat' dir='ltr'><em>uo</em></span> <span class='ocrx_word' id='word_1_277' title='bbox 1607 3530 1632 3600; x_wconf 84' lang='lat' dir='ltr'><em>is</em></span> <span class='ocrx_word' id='word_1_278' title='bbox 1646 3553 1709 3600; x_wconf 84' lang='lat' dir='ltr'><em>ue·</em></span> <span class='ocrx_word' id='word_1_279' title='bbox 1750 3550 1755 3560; x_wconf 93' lang='grc'><strong>“</strong></span> 
     </span>
     <span class='ocr_line' id='line_1_33' title="bbox 441 3619 1709 3723; baseline -0.001 -26"><span class='ocrx_word' id='word_1_280' title='bbox 441 3623 559 3698; x_wconf 85' lang='lat' dir='ltr'><em>teffitas</em></span> <span class='ocrx_word' id='word_1_281' title='bbox 567 3624 736 3716; x_wconf 80' lang='lat' dir='ltr'><em>imponere</em></span> <span class='ocrx_word' id='word_1_282' title='bbox 750 3619 886 3706; x_wconf 87' lang='lat' dir='ltr'><em>videtur,</em></span> <span class='ocrx_word' id='word_1_283' title='bbox 903 3620 994 3696; x_wconf 85' lang='lat' dir='ltr'><em>novis</em></span> <span class='ocrx_word' id='word_1_284' title='bbox 1012 3622 1042 3694; x_wconf 89' lang='lat' dir='ltr'><em>id</em></span> <span class='ocrx_word' id='word_1_285' title='bbox 1050 3621 1287 3719; x_wconf 82' lang='lat' dir='ltr'><em>probationibus</em></span> <span class='ocrx_word' id='word_1_286' title='bbox 1294 3647 1331 3694; x_wconf 90' lang='lat' dir='ltr'><em>ut</em></span> <span class='ocrx_word' id='word_1_287' title='bbox 1338 3624 1709 3723; x_wconf 72' lang='lat' dir='ltr'><em>commuuimus‚quod</em></span> 
     </span>
     <span class='ocr_line' id='line_1_34' title="bbox 443 3713 1709 3818; baseline 0.001 -26"><span class='ocrx_word' id='word_1_288' title='bbox 443 3715 640 3800; x_wconf 70' lang='lat' dir='ltr'><em>vetustissima</em></span> <span class='ocrx_word' id='word_1_289' title='bbox 664 3713 823 3812; x_wconf 84' lang='lat' dir='ltr'><em>polleffio,</em></span> <span class='ocrx_word' id='word_1_290' title='bbox 849 3726 882 3788; x_wconf 80' lang='lat' dir='ltr'><em>lit</em></span> <span class='ocrx_word' id='word_1_291' title='bbox 903 3739 953 3789; x_wconf 92' lang='lat' dir='ltr'><em>tot</em></span> <span class='ocrx_word' id='word_1_292' title='bbox 976 3718 1150 3792; x_wconf 79' lang='lat' dir='ltr'><em>seculorum</em></span> <span class='ocrx_word' id='word_1_293' title='bbox 1163 3717 1367 3818; x_wconf 68' lang='lat' dir='ltr'><em>prascriptm,</em></span> <span class='ocrx_word' id='word_1_294' title='bbox 1393 3743 1476 3792; x_wconf 83' lang='lat' dir='ltr'><em>exuu</em></span> <span class='ocrx_word' id='word_1_295' title='bbox 1493 3746 1622 3794; x_wconf 86' lang='lat' dir='ltr'><em>omnem</em></span> <span class='ocrx_word' id='word_1_296' title='bbox 1638 3717 1709 3793; x_wconf 86' lang='lat' dir='ltr'><em>fere</em></span> 
     </span>
     <span class='ocr_line' id='line_1_35' title="bbox 442 3809 1711 3920; baseline 0.001 -31"><span class='ocrx_word' id='word_1_297' title='bbox 442 3815 645 3890; x_wconf 77' lang='lat' dir='ltr'><em>dubitationis</em></span> <span class='ocrx_word' id='word_1_298' title='bbox 661 3815 757 3888; x_wconf 82' lang='lat' dir='ltr'><em>aleam</em></span> <span class='ocrx_word' id='word_1_299' title='bbox 771 3809 942 3889; x_wconf 85' lang='lat' dir='ltr'><em>constituit.</em></span> <span class='ocrx_word' id='word_1_300' title='bbox 974 3816 1074 3892; x_wconf 85' lang='lat' dir='ltr'><em>Facile</em></span> <span class='ocrx_word' id='word_1_301' title='bbox 1090 3813 1228 3893; x_wconf 74' lang='lat' dir='ltr'><em>sufficere</em></span> <span class='ocrx_word' id='word_1_302' title='bbox 1246 3839 1392 3914; x_wconf 77' lang='lat' dir='ltr'><em>poterat,</em></span> <span class='ocrx_word' id='word_1_303' title='bbox 1417 3815 1516 3920; x_wconf 58' lang='lat' dir='ltr'><em>cauas</em></span> <span class='ocrx_word' id='word_1_304' title='bbox 1532 3843 1592 3917; x_wconf 84' lang='lat' dir='ltr'><em>pto</em></span> <span class='ocrx_word' id='word_1_305' title='bbox 1609 3821 1711 3892; x_wconf 86' lang='lat' dir='ltr'><em>inno·</em></span> 
     </span>
     <span class='ocr_line' id='line_1_36' title="bbox 1576 3937 1711 3992; baseline -0.03 0"><span class='ocrx_word' id='word_1_306' title='bbox 1576 3937 1711 3992; x_wconf 76' lang='lat' dir='ltr'><em>tattone</em></span> 
     </span>
    </p>
   </div>
   <div class='ocr_carea' id='block_1_6' title="bbox 0 0 1855 4728">
    <p class='ocr_par' dir='ltr' id='par_1_6' title="bbox 0 0 1855 4728">
     <span class='ocr_line' id='line_1_37' title="bbox 0 0 1855 4728; baseline 0 0"><span class='ocrx_word' id='word_1_307' title='bbox 0 0 1855 4728; x_wconf 95' lang='lat' dir='ltr'><em> </em></span> 
     </span>
    </p>
   </div>
  </div>
 </body>
</html>
