3580 4736
280 205 683 290 Hilarius
735 203 1157 292 Couxruorr
1281 235 1356 321 ¹75

95 345 263 442 bylonlos,
288 341 340 416 sed
362 341 502 416 adversus
520 339 661 436 Assyrios
680 335 860 430 insurrexit,
886 363 922 412 ut
943 341 1051 415 diserte
1075 345 1188 443 legitur
1215 353 1315 442 alleg.
1332 371 1359 414 c.
1441 417 1443 422 ,
1476 395 1483 408 .

94 469 183 516 xxxv.
206 465 262 532 29.
305 445 378 514 Nee
400 443 431 512 in
449 447 537 511 Sacra
549 435 675 510 historia
690 441 790 510 ullum
807 433 902 534 exstat
915 437 1079 538 vestigium
1098 442 1362 537 potentiae.Baby-

93 543 271 626 iuniorum,
289 539 488 710 mysiam
506 559 560 607 aut
577 539 612 606 in
626 541 798 634 AEgyptrtm
814 534 913 636 usque
925 534 986 608 sese
994 543 1199 637 porrigentis,
1213 563 1282 610 ante
1292 541 1363 612 Na-

9 763 10 772 *
92 637 305 806 ddslomdddidti
318 738 343 804 l.
363 759 393 804 2.
409 732 664 818 constat,illum,
675 733 732 830 qui
749 754 819 802 tum
834 739 974 830 AEgypto
991 729 1293 830 pmfuit,Neehurn
1311 760 1362 805 re-

48 905 53 920 ,
94 857 166 932 gem
181 835 321 904 multum
338 830 462 905 valuisse
478 831 637 926 potentia,
663 853 721 899 nec
737 831 860 901 alterius
876 827 1004 900 arbitrio
1019 827 1110 902 fuisse
1125 831 1312 903 obnoxium.

145 934 269 1002 Primus
286 933 397 1028 itaque
409 927 503 999 libera
519 923 672 1026 potestate
687 924 866 1022 Babyloniis
881 923 1183 1000 Nabuchodonosor
1191 932 1361 1025 imperavit.

90 1028 133 1098 Er
149 1051 225 1100 vero
240 1028 327 1098 hune
343 1050 417 1098 cum
434 1024 561 1109 Medis,
572 1023 722 1118 Assyriuei
738 1025 861 1120 imperii
876 1019 1006 1094 summis
1023 1021 1181 1110 hostibus,
1192 1029 1259 1097 imo
1273 1051 1363 1098 ever-

394 657 543 732 ,utpote
559 657 630 730 quae
647 633 774 705 indubie
792 635 965 707 involvisset
984 662 1032 706 res
1046 637 1200 734 judaicas.
1252 639 1311 709 Sed
1329 645 1362 710 δι
1484 679 1487 686 ·

91 1121 234 1216 sonbus,
259 1121 413 1196 sumntum
430 1117 554 1196 coluisse
570 1121 754 1206 amicitiam,
781 1145 818 1192 ex
833 1118 949 1191 Beroso
966 1117 1011 1190 est
1029 1109 1237 1194 manifestum.
1264 1115 1362 1194 Uxo-
1507 1183 1510 1190 .

92 1247 155 1294 rem
172 1226 261 1294 enim
276 1221 386 1293 habuit
401 1221 578 1305 Medicam,
604 1218 681 1291 adeo
698 1215 756 1290 stbi
771 1219 957 1303 adamatam,
969 1239 1005 1288 ut
1019 1221 1051 1290 iu
1066 1225 1134 1309 ejus,
1147 1221 1363 1318 gratiamhor·

95 1341 160 1391 tum
178 1319 329 1417 pensilem
345 1316 560 1392 construxerit.
612 1315 761 1388 Testatur
776 1317 808 1388 id
833 1311 965 1387 Berosus
990 1316 1071 1426 apud
1097 1317 1269 1417 Jolephum
1293 1323 1315 1389 1.
1332 1343 1359 1390 1.

93 1439 199 1488 erm
217 1425 398 1518 Apimme
423 1417 475 1486 cui
490 1418 597 1512 potius
612 1413 918 1512 crediderim,quam
936 1411 1067 1499 Ctelrae,
1094 1441 1161 1512 quo
1177 1419 1361 1488 atrslorere-

92 1511 151 1586 sen
164 1517 332 1587 Diodorus
347 1517 370 1584 l.
384 1538 446 1585 nc.
463 1537 517 1583 10.
534 1510 662 1583 lrortum
681 1508 1149 1610 illumaSyroquodumregein
1180 1515 1361 1610 ratiampel-

93 1613 158 1684 licis
177 1611 307 1684 Persica·
321 1607 498 1682 institutum
515 1606 583 1680 elle.
633 1610 760 1679 Dixeris
775 1607 859 1678 illam
873 1607 1019 1702 Cyaxaris
1033 1605 1121 1680 fuisse
1169 1613 1251 1682 liam.
1301 1619 1362 1682 Pa·

94 1733 166 1781 cern
182 1712 260 1780 inter
273 1708 384 1808 Lydos
400 1715 432 1778 de
451 1707 624 1801 Cyuxarem
642 1705 807 1801 Babylonii
823 1707 904 1803 regis
922 1705 1100 1777 interventu
1116 1709 1236 1794 coiille,
1270 1705 1363 1779 testa·

97 1827 152 1878 tur
166 1808 352 1879 Herodotus
366 1808 391 1876 l.
403 1829 433 1877 1.
450 1806 525 1903 qui,
536 1803 591 1876 etsr
661 1827 711 1873 em
727 1803 816 1874 illum
831 1800 1024 1873 Labonitum
1042 1805 1192 1900 appellet,
1218 1830 1283 1876 non
1301 1829 1363 1902 po-

91 1901 149 1974 test
163 1925 268 1975 tamen
285 1907 381 1977 alium
390 1955 400 1990 ,
409 1927 505 2000 quam
520 1901 637 1974 Nubuc
660 1897 869 1972 odonosorem
886 1897 1074 2065 slfisslfiffles
1085 1924 1121 1973 ut
1137 1905 1193 2000 qui
1202 1927 1283 1973 turus
1292 1925 1361 1976 tum

93 2027 193 2101 regno
205 2001 384 2098 Babylonio
397 1996 563 2096 prefuerit
611 1995 849 2096 Megasthenes,
874 2018 905 2066 te
933 1996 1124 2092 eAbydeno
1143 1999 1224 2098 apud
1244 1997 1359 2070 Euseb.

97 2103 120 2169 s.
130 2125 164 2190 9.
177 2119 344 2200 preparat.
361 2121 388 2168 c.
409 2121 467 2190 41.
493 2117 611 2182 narrat,
628 2092 836 2194 conquestum
853 2087 1196 2167 Nabuchodonosarem
1213 2097 1252 2168 de
1266 2100 1362 2168 nimia

94 2199 277 2270 adoriare
291 2198 384 2267 aulici
400 2189 555 2283 cujusdam
570 2191 661 2264 Medi

93 2293 323 2366 wilmerodaclti
340 2291 519 2389 parricidam
536 2288 627 2361 srmul
644 2245 679 2360 &³
694 2217 1014 2359 risbachodonosaris
1032 2311 1199 2384 generum,
1224 2291 1361 2362 aliasde·

94 2390 292 2463 monlltatut.
343 2383 377 2460 Si
390 2387 571 2459 Alexandro
589 2383 775 2482 Polyhistori
791 2385 960 2472 credimus,
994 2383 1125 2456 Medico
1151 2387 1267 2458 auxilio
1289 2385 1361 2459 usus

94 2487 138 2560 est
153 2483 452 2561 Nabuchodonosor
467 2487 500 2554 in
514 2481 716 2582 expugnanda
733 2479 960 2578 Hierosolyma.
1011 2481 1118 2554 Verba
1135 2483 1304 2556 Alexandri
1312 2511 1363 2556 re-

95 2583 158 2657 fert
172 2584 327 2656 Eusebius
341 2587 364 2654 l.
376 2613 408 2674 9.
419 2601 579 2680 prapaes.
589 2605 616 2651 a.
627 2606 682 2676 37,
708 2602 812 2680 neque
828 2583 931 2652 caullae
946 2575 1015 2651 satis
1030 2576 1092 2665 est,
1103 2605 1159 2652 cur
1174 2582 1250 2654 illud
1260 2583 1361 2655 indu-

97 2682 189 2753 bium
205 2685 340 2768 vocarit,
354 2683 404 2753 vel
419 2681 576 2780 negaverit
592 2675 797 2845 potiungose
819 2677 877 2748 ltus
895 2677 1036 2778 Scaliger.
1063 2675 1177 2777 Usque
1193 2678 1271 2751 adeo
1286 2706 1364 2753 vero

93 2781 201 2852 Medis
216 2781 402 2870 conimsius
417 2802 483 2847 non
501 2778 606 2874 pontit
621 2801 720 2846 nona
757 2781 791 2848 A
856 2777 890 2847 'is
906 2777 1007 2846 alieno
1022 2773 1086 2846 esse
1102 2779 1218 2846 animo.
1245 2779 1288 2847 Et
1305 2803 1361 2850 ve-

95 2901 132 2950 ro
148 2897 272 2949 cermm
286 2876 465 2974 est,primis
482 2875 604 2970 imperii
620 2874 703 2944 illius
720 2871 808 2944 miris
823 2875 949 2946 Ninum
958 2871 1078 2970 ipsunt
1088 2873 1225 2968 Cyoxare
1234 2870 1361 2945 essede-

145 3077 291 3146 Primtun
308 3073 434 3171 igituru
450 3065 759 3144 Nabuchodonosare
775 3091 826 3138 coe
849 3069 874 3136 it
889 3092 1009 3140 novum
1027 3063 1103 3137 illud
1119 3063 1283 3164 augustum
1301 3071 1363 3139 Ba-

96 3171 264 3268 bylonium
281 3193 432 3268 regnum3
458 3193 525 3241 non
541 3166 670 3268 quidem
687 3191 760 3237 curn
778 3091 945 3258 Assyriam
951 3159 1362 3264 compirmdum,superans

97 3291 201 3342 tannen
217 3264 304 3339 fone
319 3273 385 3358 ejus
400 3289 487 3339 terrae
501 3291 597 3337 ornue
615 3265 787 3334 anttadium
806 3283 916 3333 aevum.
955 3260 1050 3328 Certe
1064 3263 1236 3354 potentiam
1249 3259 1366 3333 Nabu-

97 3361 319 3439 ebodonosaris
334 3385 401 3436 non
415 3365 497 3436 Satri
514 3385 635 3436 tantum
652 3361 774 3431 codices
790 3359 981 3454 loquuntur,
1007 3360 1216 3429 verumetiam
1227 3360 1368 3436 Alexan-

98 3465 153 3538 der
172 3459 371 3560 polyhistor,
396 3461 589 3558 Abydenus,
615 3464 648 3528 ὃ(
673 3459 730 3555 qui
745 3458 850 3552 primo
866 3456 940 3526 loeo
956 3473 1018 3525 emt
1035 3457 1253 3528 memorandus
1267 3463 1367 3530 Bero-

95 3559 144 3635 ffl
156 3615 164 3644 ,
176 3565 257 3634 locis
272 3580 344 3631 ante
360 3559 495 3632 laudatis.
537 3565 689 3632 Attamen
706 3555 810 3624 minus
827 3551 950 3625 videm
967 3549 1140 3624 verosimile
1150 3555 1256 3654 ‚quod
1273 3554 1367 3651 Aby-

95 3661 195 3734 denus
210 3657 304 3730 haber
318 3681 357 3727 ex
374 3655 596 3756 Megasthene,
620 3648 966 3724 Nabuchodonosarem
984 3653 1017 3721 in
1033 3647 1165 3744 Lybiam
1182 3671 1275 3747 atque
1293 3651 1367 3724 Ibe·

7 3749 8 3764 ¹
94 3761 174 3830 riam
191 3755 276 3829 sosio
289 3757 427 3850 impetu,
453 3749 613 3852 utriusque
630 3756 691 3838 jun
705 3749 832 3822 domitae
846 3749 985 3819 colonias
1003 3748 1037 3818 in
1050 3745 1186 3816 dextram
1197 3749 1292 3818 Ponti
1301 3750 1367 3846 pla.

94 3881 169 3956 gam
187 3847 382 3952 dunenses,
410 3873 464 3924 aut
477 3851 565 3952 quod
580 3873 618 3922 ex
635 3844 840 3945 Megasthene
853 3842 959 3917 scribit
976 3841 1087 3913 Strabo
1102 3843 1126 3914 l.
1141 3863 1194 3939 ¹5·
1230 3859 1372 4012 idaim*

1261 3977 1368 4050 praepo

729 2215 801 2260 uem
818 2193 954 2262 Darium
969 2189 1104 2260 Medum
1121 2189 1203 2279 elle,
1228 2193 1299 2289 post
1314 2195 1362 2263 E·
1472 2225 1477 2236 ·
