3658 4726
402 225 488 334 428
690 217 863 312 Grone.
894 217 1024 302 Eric.
1055 194 1399 302 Pnanrrurnur

407 363 452 432 D.
471 359 518 429 N.
542 361 604 448 jam
633 359 666 428 in
684 383 806 430 carnem
823 381 971 432 venturus
990 383 1069 446 erat,
1102 383 1244 459 tempore
1270 362 1502 451 τελειωταρχίᾳ
1530 353 1676 445 sublata,

410 480 542 553 regnum
561 454 658 550 Juda,
685 463 718 526 δι
740 456 962 528 Pontificatum
985 456 1305 554 Hierosolymitanum
1327 457 1365 526 ab
1382 451 1564 526 bominibus
1578 457 1680 552 alige-

409 553 549 652 nigeniS,
576 552 612 622 ad
629 576 710 648 quos
726 547 871 623 successio
888 558 1017 626 minime
1033 554 1222 651 pertinebat,
1249 574 1397 649 occupata
1410 550 1512 626 fuille.
1569 554 1679 624 Priori

410 649 569 743 captivitas
578 645 780 742 Babylonica,
806 649 970 746 posteriori
979 678 1073 737 vero,
1100 653 1307 723 contradicere
1315 651 1435 723 videtur
1443 644 1609 748 Josephus,
1618 651 1681 745 qui

411 752 446 815 δι
463 745 644 828 Herodem,
671 769 766 840 quem
792 771 851 816 nos
873 749 1009 842 primum
1034 751 1158 845 Regem
1183 749 1383 831 inluviae,
1417 754 1449 816 &
1474 745 1680 830 Ananelum,

412 843 509 937 quem
523 847 557 910 &
574 837 673 936 ipsum
688 844 840 940 peregrini
853 839 1006 942 sanguinis
1021 841 1462 928 fuilledirimusPontilicem,
1488 850 1521 912 δι
1537 841 1681 931 judaeon
1811 843 1812 850 '

413 943 448 1007 &
465 935 549 1007 hunc
566 937 694 1032 quidem
709 964 746 1007 ex
763 937 937 1010 sacerdotali
951 965 1063 1038 genere
1078 937 1177 1026 fuisse,
1191 967 1258 1012 non
1276 963 1341 1011 uno
1357 939 1480 1010 testatur
1496 940 1579 1010 loco.

461 1029 527 1102 Etli
546 1055 647 1102 autern
664 1035 836 1129 Captivitas
851 1035 1036 1131 Babylonica
1051 1037 1228 1132 limpliciter
1244 1036 1305 1108 huc
1322 1059 1387 1107 non
1409 1038 1576 1132 pertineat,
1602 1058 1683 1104 cum

417 1128 591 1199 Oraculum
602 1127 714 1220 Jacobi
730 1155 795 1200 non
812 1131 850 1202 de
867 1137 1022 1220 cujusvis,
1047 1133 1097 1206 sed
1113 1135 1151 1204 de
1170 1136 1251 1204 illius
1266 1131 1376 1228 sceptri
1392 1133 1547 1201 ablatione
1563 1131 1681 1227 loqua-

420 1245 489 1310 tur,
515 1224 603 1323 quod
627 1247 768 1320 tempore
790 1227 977 1300 advenientis
994 1228 1112 1300 Mcffiae
1136 1255 1266 1327 regnum
1287 1229 1367 1327 Juda
1388 1225 1564 1298 habiturum
1595 1247 1682 1297 erat:

441 1324 611 1406 uiatamen,
620 1345 655 1392 ut
663 1327 769 1420 Capite
778 1328 804 1392 I.
814 1324 959 1410 diximus,
970 1328 1148 1396 vaticinium
1156 1329 1193 1398 de
1201 1326 1353 1397 ablatione
1362 1322 1598 1420 l'eeptri,duplici
1606 1347 1683 1392 mo-

416 1345 462 1487 lo
478 1419 619 1514 ¹intelligi
635 1470 644 1501 ,
663 1423 704 1488 »δι
726 1421 818 1490 etiam
837 1424 1042 1518 generaliter,
1068 1424 1104 1494 ad
1127 1448 1258 1520 regnum
1284 1423 1361 1520 Juda
1385 1423 1530 1517 applicari
1555 1417 1681 1585 potest,

418 1512 456 1582 ael
470 1510 647 1584 institutum
662 1511 803 1588 nostrum
822 1518 1057 1614 quodammodo
1073 1521 1224 1615 pertinere
1241 1519 1498 1601 existimavimus,
1533 1541 1553 1584 u

419 1607 605 1680 deduetione
622 1613 747 1707 planum
765 1610 883 1699 faeere,
907 1614 1031 1710 Judaeps
1050 1619 1142 1686 etiam
1170 1625 1355 1708 μετοικεσίας
1378 1613 1571 1706 Babylonica
1597 1636 1684 1684 tem-

418 1703 549 1800 poribus
566 1705 750 1792 Pontifices,
777 1717 810 1779 &
826 1711 1024 1808 Magistratus
1039 1739 1104 1782 non
1119 1709 1400 1812 aligenigenas,sed
1415 1709 1461 1781 lui
1483 1707 1601 1805 semper
1617 1709 1685 1780 ob-.

422 1797 547 1874 servale
560 1805 688 1900 generis.
740 1805 824 1875 Rem
838 1809 1034 1904 aggredimur
1057 1805 1299 1897 difficillimam,
1331 1812 1400 1882 imo
1416 1816 1472 1877 τῶν
1499 1805 1684 1902 negamur

419 1899 685 1986 παραὸοξοτᾶτην.
736 1904 820 1990 Quis
836 1908 921 1974 enirn
938 1931 1005 1975 non
1020 1905 1183 2004 intelligit,
1208 1909 1434 2003 captivitatem,
1461 1913 1493 1976 δι
1519 1902 1685 2000 Rempub.

423 1987 865 2178 el,
882 1997 1686 2172 lilerurrrannern

423 2209 460 2255 ee
476 2123 678 2262 crlrlrmunem
694 2189 780 2264 illam
796 2127 1239 2293 opinirontem’rquaerjuidaeotsl
1259 2224 1275 2266 a
1298 2124 1687 2288 Negbucadnezaieqcapti-

423 2308 482 2353 vos
509 2288 541 2356 in
565 2285 711 2383 ergastula
731 2289 899 2376 abdeelos,
926 2301 960 2362 &
982 2295 1014 2364 in
1032 2318 1139 2390 operas
1155 2294 1313 2364 damnatos
1330 2291 1453 2363 rusticas
1468 2291 1685 2362 hastemtsdo-

424 2381 508 2465 cuit,
534 2378 718 2454 fialsrllimam
733 2385 790 2456 elle
805 2387 946 2460 dicimus.
997 2388 1140 2460 Abduxit
1157 2389 1358 2484 Babyloniam
1373 2389 1513 2488 Judaeos,
1539 2384 1589 2457 secl
1614 2409 1685 2456 non

424 2476 564 2547 vendidit
571 2507 580 2561 ;
607 2483 734 2573 patriam
752 2484 835 2552 illius
850 2488 983 2579 eripuit,
1008 2482 1058 2556 led
1080 2511 1146 2557 non
1168 2485 1357 2571 libertatern,
1383 2485 1465 2555 bello
1481 2505 1588 2580 captos
1602 2481 1683 2554 deti-

427 2573 516 2655 nuit,
542 2570 591 2643 sed
610 2579 799 2668 optimarum
815 2577 904 2649 srmul
920 2584 1149 2675 provinciarum
1164 2583 1297 2654 colonos
1313 2583 1370 2666 elle
1386 2583 1493 2654 voluit.

476 2669 566 2738 Audi
581 2669 691 2740 dehac
713 2697 745 2743 re
761 2673 912 2746 Berosum
929 2675 1134 2772 Babylonium
1149 2679 1201 2749 lib.
1212 2684 1280 2748 III.
1290 2701 1389 2750 rerum
1400 2675 1508 2748 chald.
1519 2676 1682 2747 Nebucho-

428 2762 570 2854 donosor,
596 2767 717 2862 inquit,
742 2770 907 2857 (referente
919 2770 1056 2872 Josepho
1071 2775 1123 2847 lib.
1134 2783 1162 2844 I.
1170 2773 1402 2875 adv.·Apion.)
1425 2779 1530 2870 patris
1554 2780 1684 2873 imperio

427 2867 462 2930 ἐκ
476 2880 570 2929 totum
580 2869 715 2962 potitus,
740 2873 877 2962 captivos
892 2869 993 2951 adiit,
1019 2877 1116 2968 iisque
1129 2877 1163 2944 ἐκ
1178 2869 1347 2972 Babylonia
1360 2891 1540 2972 opportunas
1546 2874 1684 2941 colonias

428 2957 606 3053 affignavit.
655 2963 706 3031 Sic
719 2963 883 3039 GelenluS.
937 2966 996 3038 Sed
1007 2967 1120 3040 (ἔπεα
1136 2968 1392 3064 ἐμφατικιότεςωτ
1418 2984 1474 3042 τοῖς
1489 2970 1542 3060 μὶν
1566 2973 1684 3060 drepan-

429 3052 536 3127 λώτοις
565 3059 825 3153 noegaeyrrr'prer&
857 3068 997 3136 timoratior
1035 3071 1066 3134 ἐν
1098 3082 1155 3136 τοῖς
1184 3063 1438 3143 ἐπιτηδειοτάτοις
1458 3073 1508 3144 τῆς
1527 3065 1684 3134 ΙΒοιέυλοι-

429 3157 493 3222 n‘oer
507 3152 608 3228 τόποις
622 3160 802 3243 ἀποδεῖξαι,
828 3160 849 3229 i.
868 3185 895 3229 e.
912 3165 947 3230 ἐκ
962 3159 1205 3254 commodiffimr's
1219 3165 1295 3232 locis
1310 3161 1478 3258 Babylonia
1491 3161 1686 3252 coronans-

425 3248 574 3342 ssgnavir.
625 3253 679 3322 De
696 3251 894 3350 meipsam,
920 3255 962 3327 fic
989 3259 1111 3329 Flavius
1135 3255 1186 3327 lib.
1197 3261 1238 3328 X.
1247 3281 1314 3356 cap.
1324 3265 1373 3330 II.
1432 3267 1570 3334 Ceterum
1598 3263 1687 3348 Rex,

432 3343 617 3439 Babylonem
632 3351 783 3442 tetrafita,
810 3353 979 3440 Zedecrsam
994 3360 1160 3424 incarcere
1175 3381 1267 3450 usque
1282 3356 1325 3428 ad
1338 3377 1464 3426 mortem
1470 3355 1686 3456 ejurdrtr'nuit,

432 3457 586 3508 mortuum
600 3461 702 3513 tamen
721 3452 816 3540 Regia
826 3452 952 3541 funeris
965 3473 1075 3547 pompa
1083 3451 1248 3550 sepelivit:
1268 3457 1457 3554 populuum
1476 3449 1689 3550 inBalylom'ae

423 3535 511 3631 feder
525 3535 675 3610 attribuit.
727 3543 843 3622 Vides.
865 3545 992 3710 pudaeos
1007 3549 1127 3634 exules,
1153 3551 1187 3619 in
1196 3547 1467 3644 opportuniffimar
1482 3551 1571 3646 regni
1585 3547 1689 3642 Baby·

434 3633 529 3704 loniti
547 3633 685 3704 colonias
700 3635 848 3720 dedustos
881 3639 971 3728 uille,
997 3645 1085 3740 quod
1104 3647 1196 3716 etiam
1213 3670 1251 3716 ex
1267 3641 1421 3740 seripturis
1436 3645 1560 3745 probari
1608 3639 1688 3715 otest

433 3727 636 3824 Propheticis.
685 3732 830 3804 Ezechiel
847 3740 931 3809 enim
958 3745 1141 3838 capistri.
1157 3761 1208 3836 15.
1234 3764 1352 3836 partem
1374 3745 1487 3840 populi
1509 3743 1546 3813 ad
1570 3671 1690 3813 llitmeu

435 3823 563 3916 Chebar
581 3827 790 3905 meditullium
805 3830 1043 3933 Mesopotamia:
1057 3837 1202 3932 coluille,
1225 3837 1367 3938 inibique
1385 3841 1486 3939 (quod
1509 3837 1590 3912 infra
1600 3863 1691 4008 ἑτέ).-

1662 3959 1694 4008 1-

1578 1518 1682 1588 eriore
