3628 4724
338 241 711 374 Mircurius,
741 227 809 327 ur
840 233 1190 334 Ro'ucnrrrs'.
1330 245 1414 356 379

139 387 248 504 eupitir
262 386 354 504 liujus
369 415 445 504 rvr.
462 393 615 507 proditur.
665 387 764 482 Quod
786 416 861 466 vero
879 389 1055 509 monstrum
1069 387 1131 464 hoc
1145 387 1300 488 trutinum
1317 390 1413 462 mari·

140 509 225 560 unus
239 487 298 562 illis
312 485 442 560 urbrbus
460 487 622 563 Palaestrnae
635 490 757 561 cultum
774 515 904 588 quoque
921 486 1037 582 fuerit,

486 593 488 598 ’
519 631 536 643 -
559 629 572 644 -
602 622 616 638 ·
643 584 738 685 Qud
752 593 881 685 turpiter
895 609 998 658 atrum

290 685 390 776 Defiit
411 689 446 755 in
463 687 572 784 pestem
595 688 707 756 mulier
720 685 857 782 formofiu
866 688 1004 784 superne.

144 784 197 866 (ut
212 777 252 852 ab
268 783 407 853 Horatio
421 808 457 854 ex
475 790 570 854 Artis
577 778 637 854 suae
653 782 745 853 initio
761 781 823 853 hoc
840 789 1035 872 mutuemur)
1049 805 1202 882 excapv.
1216 775 1413 880 potiffrmurn

143 875 221 948 ttius·
229 883 348 976 prioris
364 883 498 954 Samuel.
523 881 684 951 evincitur.
736 878 825 949 Cum
850 881 979 978 Dagoni
993 899 1084 1076 ceput
1105 895 1152 950 (θ’
1167 879 1229 948 due
1241 880 1349 978 palme
1361 873 1419 992 serp

1370 977 1381 996 0

144 975 223 1045 volae
239 999 386 1046 manuum
404 975 520 1070 absciffia
543 981 577 1046 in
592 979 700 1049 limine
716 975 915 1046 adorabunda
930 979 992 1065 (uti
1038 975 1169 1073 osephus
1192 976 1349 1072 loquitur)
1379 999 1419 1076 ⁴3

144 1093 248 1156 euere3
274 1093 424 1168 quatenus
438 1070 500 1143 scil.
512 1100 554 1148 ,ex
567 1073 692 1144 dimidiu
709 1096 794 1172 purte
807 1070 957 1170 superiori
973 1069 1140 1172 imaginem
1162 1071 1300 1142 hominis
1318 997 1421 1154 'triers

144 1173 209 1256 ret)
237 1189 360 1238 truncus
381 1189 483 1239 autem
499 1165 587 1264 soher
606 1173 746 1266 remunpt
763 1181 796 1241 in
817 1174 881 1240 loco
893 1167 965 1264 suo,
990 1172 1085 1241 nullis
1107 1167 1247 1240 infistens
1263 1164 1417 1265 pedibus,

147 1267 270 1336 cumin
286 1263 408 1336 brutam
425 1265 553 1338 caudam
575 1269 671 1337 exiret
694 1269 816 1364 lignum
831 1269 940 1338 inutile
956 1275 990 1338 δι
1009 1263 1182 1338 immobile.
1233 1267 1322 1336 Nam
1342 1262 1419 1362 Dag

150 1361 290 1454 (Psalmo
306 1385 344 1433 vr
356 1387 368 1433 r
380 1386 407 1432 1.
425 1369 458 1434 &
475 1361 548 1434 alibi
562 1361 686 1461 passim)
700 1367 813 1462 piscem
829 1363 966 1436 denotat.
990 1361 1102 1462 Atque
1119 1363 1192 1438 hinc
1207 1363 1236 1452 J.
1251 1363 1277 1452 J.
1290 1361 1423 1458 scaliger

148 1457 315 1553 insraegm.
337 1457 484 1528 Chronolo
506 1463 590 1530 .ait:
617 1462 750 1560 Dagon,
775 1480 808 1530 ut
826 1459 933 1557 Juder'
945 1481 1093 1550 narrant,
1111 1456 1303 1556 sculpebatur
1314 1456 1421 1550 sorma‘

147 1555 258 1654 piscis3
282 1579 336 1624 nos
349 1574 451 1626 autem
463 1486 643 1650 {imur-rii
664 1556 795 1646 Δερκετῶ
810 1567 886 1653 (que
903 1559 1167 1656 Syris·Ater'guta‚
1182 1551 1274 1636 ,unde
1291 1557 1372 1624 locut
1388 1533 1426 1623 rii

151 1655 176 1720 S
190 1656 241 1721 riu
258 1657 445 1752 Atergation
464 1675 493 1723 1.
504 1657 663 1726 Macc.'xr
676 1679 699 1726 ι.
712 1661 783 1738 26.)
794 1655 1026 1752 sculpiftlitam
1035 1655 1161 1753 firperne
1178 1654 1355 1738 mulierem,
1373 1654 1426 1735 ing

168 1771 239 1817 erne
247 1751 368 1848 piscem.
400 1754 525 1821 Melius
540 1757 635 1848 igitur
648 1747 696 1818 niu
713 1759 849 1841 Aapoiiu
867 1751 1024 1842 Ιχθυῶναι,
1049 1776 1142 1848 quam
1160 1753 1277 1822 Σιτῶνα
1293 1748 1425 1860 νινηᾋΐις

152 1843 261 1934 (Philo
281 1843 344 1918 scil.
359 1853 393 1918 &
410 1845 479 1943 post
493 1872 566 1918 eum
583 1846 778 1920 Schindlerus
796 1869 891 1944 atque
911 1844 1044 1919 Drusrus
1067 1847 1104 1919 ad
1122 1847 1319 1944 Sulpitiuin.)
1353 1842 1423 1933 Qrir

152 1943 287 2040 Scaliger
307 1967 438 2042 quoque
454 1942 498 2013 ad
516 1968 565 2018 ιν.
579 1949 728 2018 Varronis
740 1946 779 2014 de
794 1946 865 2013 LL.
881 1949 914 2014 &
930 1944 974 2014 ud
989 1945 1171 2015 Manilium
1186 1944 1302 2042 poterit
1315 1939 1371 2011 hac
1387 1938 1427 2010 de

152 2062 185 2110 rc
199 2034 319 2109 consuli
325 2067 336 2126 ς
361 2042 515 2136 praecipue
530 2061 633 2112 tamen
647 2067 667 2112 e
681 2039 807 2112 clafficis
822 2040 986 2111 Diodorus
1001 2041 1122 2112 Siculus
1139 2039 1191 2110 tri.
1207 2063 1243 2110 rr
1257 2061 1285 2110 1.
1311 2037 1425 2130 Qui&

153 2129 217 2230 ipse
233 2137 382 2222 Dercetrn
403 2134 455 2206 scu
471 2139 632 2208 mulierem
648 2133 816 2210 formosam
832 2137 1008 2234 pubetenus
1028 2135 1200 2208 fimulatem
1217 2139 1277 2220 ait,
1304 2157 1335 2205 at
1352 2133 1427 2203 reli·

153 2256 216 2328 qua
232 2235 372 2328 corporis
386 2254 470 2331 parre
487 2227 593 2306 infirira
610 2233 723 2330 piscem
739 2229 859 2304 referre.
902 2235 974 2304 Nec
992 2235 1075 2304 aliter
1095 2228 1159 2303 fcre
1176 2233 1301 2328 Georg.
1317 2227 1429 2300 Fabri-

155 2333 221 2398 cius
237 2329 270 2397 in
291 2329 375 2406 Hiti.
383 2335 484 2425 fiacris
498 2331 522 2398 t.
531 2355 566 2419 9.
577 2355 604 2400 c.
618 2353 695 2425 311.
730 2329 889 2416 Philistini
897 2333 994 2423 juxta
1011 2328 1186 2428 Jordanem
1206 2341 1252 2400 Ψ
1269 2329 1340 2398 ioca
1355 2351 1430 2414 mag

156 2431 266 2495 ritimu
282 2427 453 2502 coluerunt,
464 2441 511 2498 b*
522 2433 652 2524 quinque
666 2431 768 2524 regies
783 2426 1123 2528 civitatespofflderunt.
1151 2429 1238 2497 Deus
1248 2449 1348 2495 eorum
1357 2425 1430 2492 De·

155 2545 240 2619 gon,
265 2527 320 2620 qui
335 2529 447 2596 Grecis
467 2535 514 2594 cr
531 2527 679 2593 Romanis
691 2526 811 2596 Triton
826 2523 884 2622 est:
905 2523 1066 2626 pubetenus
1079 2521 1165 2592 homo
1175 2576 1184 2610 ,
1194 2541 1285 2623 parte
1299 2521 1430 2618 inferii·

155 2644 190 2687 re
199 2618 301 2714 piscis.
342 2619 454 2692 Studia
470 2619 701 2714 Phiiiflinorum
719 2641 926 2693 memorantur
944 2620 1003 2695 due
1015 2625 1185 2722 precipua,
1210 2623 1430 2720 negotiatione!

242 2743 258 2782 u
352 2771 360 2789 .

157 2729 443 2914 &liliiniiieque
459 2811 529 2888 sanc
548 2818 626 2888 clam
643 2809 699 2886 esst
715 2785 850 2912 poterii,
874 2793 942 2890 eim
959 2813 1055 2914 ipsam
1077 2821 1204 2891 Gaum
1220 2817 1254 2885 in
1273 2800 1433 2884 honorerr'i

157 2907 249 3000 hujus
266 2911 349 2983 idoli
365 2911 409 2984 sui
429 2909 686 3013 comessarionibur
694 2911 825 3007 publicis
840 2913 911 2986 abre
929 2936 1012 3001 tem,
1022 2913 1342 3012 atqueconviviorum
1352 2929 1433 3004 epu·

161 3007 199 3078 lis
215 3007 247 3077 in
260 3032 421 3081 enormem
435 3007 617 3083 hilaritatem
633 3005 776 3093 effusam,
793 2939 1032 3109 promiiiueque
1049 3013 1082 3082 in
1097 3009 1203 3080 eadem
1213 3007 1336 3077 aulavel
1346 3003 1433 3076 thea-

161 3123 212 3172 tro
225 3099 275 3174 seu
291 3105 367 3178 adeo
382 3103 475 3195 fano,
498 3104 754 3181 accumbentibus
769 3109 882 3204 pariter
891 3110 1006 3182 viris&
1019 3104 1219 3191 mulieribus,
1230 3099 1351 3191 strenue
1360 3125 1433 3198 per-

160 3222 331 3298 graeeatam.
359 3209 442 3294 Quae
458 3201 615 3276 ebriosrtas
631 3229 672 3277 eo
688 3206 823 3276 maxime
837 3202 1024 3303 augebatur,
1051 3203 1124 3300 quia
1139 3198 1204 3270 haec
1215 3195 1434 3272 Palestinaeci

161 3297 239 3367 vitas
253 3293 334 3370 ferax
348 3303 461 3396 optimi
475 3299 547 3372 esset
561 3303 643 3386 uini,
693 3299 756 3372 uod
770 3299 842 3372 inde
883 3325 915 3372 er
931 3300 1117 3411 mprcvarias
1128 3299 1435 3395 inregioneseirpo'r-

151 3391 298 3480 ebatur,
315 3420 373 3466 ceu
389 3398 496 3486 valde,
510 3420 545 3468 ut
558 3399 679 3496 potenti
706 3327 1039 3485 imum,aiomn1bus
1055 3391 1266 3485 desideratum.
1292 3393 1442 3481 Sic'etiin'rj

160 3492 242 3564 inter
258 3493 376 3590 reliqua
389 3497 496 3566 omnia
513 3490 809 3565 commendabantur
823 3521 840 3566 a
857 3488 1076 3592 Corippoiib.
1091 3515 1168 3564 111.

309 3591 449 3689 Vinaque
461 3617 523 3690 qua
539 3597 666 3682 Sarepta
674 3589 772 3684 ferare
788 3607 834 3664 θ’
850 3595 947 3666 Gau
962 3611 1088 3665 crearet.
1414 3671 1418 3680 .

163 3681 250 3757 Illius
265 3708 368 3757 autern
386 3709 467 3760 tanta
483 3687 649 3786 fulgentio
665 3684 719 3758 lib.
734 3709 789 3758 11.
806 3679 984 3788 Aiythilrg.
995 3691 1041 3760 vis
1055 3685 1219 3772 fermr,de
1228 3710 1297 3786 quo
1327 3680 1439 3754 uiiibee

163 3785 257 3852 etiam
273 3781 409 3856 ebriosus
422 3788 474 3858 vix
488 3793 560 3858 to'to
577 3783 679 3861 meust
694 3780 857 3882 [eucarium
871 3783 993 3859 biberir'.
1020 3790 1066 3858 Ita
1081 3789 1114 3858 &
1129 3711 1365 3882 iortmatoiib.
1380 3806 1434 3854 11.

165 3869 283 3988 duvira
293 3887 325 3950 S.
336 3881 482 3955 Martini
489 3884 569 3956 inter
576 3879 772 3956 rocaneetare
781 3877 1012 4052 cessbffissma
1024 3885 1128 3982 primo
1135 3879 1208 3954 loco
1216 3877 1278 3952 haec
1287 3876 1361 3949 urbs
1369 3880 1438 4043 npe-

167 3994 324 4049 moram:
966 4002 984 4048 2
1256 4011 1269 4038 a
1297 4017 1312 4034 ·
1338 4016 1352 4036 ·
1407 3997 1446 4044 u·
