3580 4736
423 252 500 334 roi
642 237 983 326 Tironis
1038 237 1520 324 Ratuasrus

418 395 453 459 &
470 411 562 458 mons
578 411 596 457 a
611 385 760 457 Domino
778 385 936 480 regionis,
962 379 1067 481 qui&
1086 377 1176 450 sunul
1193 373 1328 450 Numen
1345 381 1467 478 gentis,
1485 377 1690 457 denominata¹

417 481 506 556 fuisse
519 484 688 558 rideantur.
733 481 830 550 Certe
848 481 885 553 ad
902 480 987 550 hunc
1002 479 1134 550 modurn
1156 480 1258 578 Alpes
1275 483 1434 564 Penninae,
1460 499 1686 554 montanorum

418 583 540 654 ltaliam
558 609 575 651 a
588 579 691 649 Gallis
706 575 935 676 Germanisque
951 573 1228 648 disterminantium
1238 599 1324 670 pars,
1341 578 1593 674 itemqueVaeilis
1604 583 1688 646 Pen-

415 685 524 765 m'na,
558 701 652 776 quam
680 675 761 745 idern
786 683 897 773 jugum
919 677 952 744 in
974 673 1197 746 Helvetiorum
1218 669 1334 742 finibus
1351 667 1520 744 secundum
1537 671 1686 747 Rhodani

420 776 546 846 cursum
569 771 719 871 usquead
736 772 862 843 Dransae
884 770 1023 854 ω’ᾰβολιὶν
1050 769 1200 858 deducit,
1233 767 1414 840 Salassorum
1431 769 1549 854 hodie,
1575 799 1593 841 a
1610 773 1688 844 Deo

421 879 576 959 Peniino,
603 878 690 962 cujus
707 871 777 942 Liv.
793 871 813 939 l.
829 879 881 966 36.
899 871 1064 953 meminit,
1090 870 1140 937 cui
1165 869 1198 937 in
1221 863 1345 937 istarum
1362 865 1487 939 summo
1503 870 1615 940 vertice
1632 873 1685 940 in-

421 973 505 1040 colas
529 972 660 1041 Celtica
678 967 834 1053 nationis,
854 973 1140 1066 seiri-Germanos,
1165 968 1213 1036 uri
1241 986 1331 1036 vocat
1355 967 1487 1054 Livius,
1513 963 1688 1040 sacrificasse

422 1065 550 1154 fenant,
576 1067 729 1164 adpellata
746 1059 817 1133 sunt
826 1087 836 1150 3
853 1063 1006 1164 similique
1020 1065 1111 1160 plane
1129 1055 1248 1133 ratione
1263 1067 1382 1159 Ru‘giae,
1393 1059 1500 1134 insula
1510 1065 1600 1135 maris
1609 1069 1690 1136 Sue-

423 1167 486 1236 cici
508 1172 542 1235 δι
557 1164 713 1247 Balthici,
748 1156 873 1257 ejusque
890 1164 999 1232 incolis
1017 1159 1210 1232 Vinidorum
1227 1163 1349 1257 gentis,
1378 1163 1540 1258 Rugiemus
1555 1163 1692 1234 Numen

423 1263 541 1362 gentile
559 1264 732 1346 Slavicum,
758 1264 846 1345 cujus
862 1254 970 1330 sanum
988 1253 1021 1330 in
1036 1255 1112 1328 urbe
1130 1251 1296 1344 Karentia,
1323 1259 1452 1328 Krantz.
1469 1262 1492 1328 l.
1507 1277 1535 1356 ς.
1553 1260 1691 1334 Vandal.

425 1383 453 1431 r.
468 1383 517 1449 ις.
532 1381 651 1430 nomen
670 1357 829 1452 impertiit.
858 1362 860 1370 '
1165 1358 1168 1366 “
1188 1365 1195 1384 ’
1273 1375 1276 1382 ·
1361 1353 1375 1374 ’“

474 1457 519 1526 Et
535 1459 609 1553 quia
624 1451 715 1524 Galli
729 1453 948 1552 Germanique
967 1451 1129 1524 Celtarum
1146 1451 1179 1520 in
1197 1447 1450 1549 Hispaniaerant
1458 1447 1693 1548 consanguinei·

427 1552 466 1625 ab
483 1575 550 1624 uno
567 1553 687 1650 quippe
709 1548 876 1642 arpensem
894 1547 1094 1644 Aschenaze,
1120 1547 1246 1644 perinde
1262 1569 1298 1618 ut
1314 1547 1456 1646 illyriiac
1474 1555 1631 1638 Britanni,
1654 1580 1695 1622 u·
1765 1577 1770 1592 ·

427 1649 477 1722 sos
493 1647 581 1720 sactis
598 1652 691 1719 etiam
708 1645 815 1718 iisdem
833 1655 867 1718 &
883 1643 1082 1718 Numinibus
1090 1641 1196 1733 fuisse,
1207 1643 1447 1716 consentaneum
1457 1643 1561 1736 est‚&
1577 1649 1694 1722 idcirco

427 1747 597 1817 Gallorum
614 1749 705 1816 Deus
728 1741 874 1829 Asellio,
909 1769 1005 1840 quem
1031 1745 1198 1813 nominant
1224 1740 1442 1840 inscriptiones
1469 1747 1501 1815 in
1530 1747 1696 1820 Convenis

428 1843 756 1940 Novempopulaniae,
782 1837 834 1910 seu
847 1836 1009 1912 Vasconiae
1018 1835 1183 1925 exstantes,
1209 1837 1350 1912 exhibitae
1367 1867 1385 1912 a
1400 1842 1507 1940 Scalig.
1525 1847 1550 1914 l.
1570 1869 1599 1915 1.
1620 1852 1696 1915 Au-

423 1947 487 2038 fim.
500 1941 566 2030 lcii.
576 1965 601 2030 e.
612 1965 652 2037 9:
663 1943 697 2009 dc
715 1933 913 2036 Noricorum
928 1941 1035 2026 Beiir,
1061 1941 1207 2022 Bessum,
1234 1938 1381 2022 Belenus,
1408 1962 1502 2035 quem
1516 1933 1697 2018 Herodian.

429 2046 496 2115 l.8.
509 2063 535 2108 c.
545 2059 575 2123 7.
598 2041 633 2106 δε
647 2025 827 2124 Tibisinus,
853 2058 950 2133 quem
967 2039 1058 2110 Tert.
1079 2038 1214 2134 Apolog.
1222 2058 1248 2102 c.
1262 2056 1278 2130 ².
1284 2061 1314 2128 3.
1333 2029 1599 2131 commemorant,
1610 2047 1698 2128 cujus

430 2136 543 2209 fanan
556 2129 644 2205 sitisse
662 2135 835 2231 Aquileia,
862 2137 896 2202 in
912 2133 1075 2203 collimitio
1090 2133 1207 2206 Norici
1225 2137 1257 2200 δι
1275 2129 1388 2226 illyrici
1406 2151 1425 2215 ,'
1450 2129 1626 2232 loqu'unrur
1644 2125 1699 2208 sn·

431 2232 612 2332 scriptiones
622 2231 724 2326 plures
733 2228 778 2299 ibi
788 2224 1281 2326 repenae‚pr0du'e0aeapighioin
1302 2233 1399 2298 Herc.
1417 2231 1561 2302 Prodicio
1571 2255 1604 2330 p.
1618 2237 1699 2306 182.

430 2355 506 2420 cum
518 2327 709 2398 Endoiellico
719 2327 917 2397 Celticomm
927 2327 1020 2398 iidem
1030 2319 1261 2422 planefuen'nt;
1278 2321 1488 2424 constatque,
1494 2349 1700 2428 praeterquam

430 2427 669 2522 inTheologia,
697 2421 851 2495 sacrorum
865 2421 976 2496 ritibus
991 2429 1024 2493 δι
1034 2421 1455 2536 div'inationumgeneribus,
1472 2429 1564 2496 etiam
1575 2430 1609 2497 in
1641 2433 1703 2501 oli-

431 2519 800 2608 tica·administratione,
826 2523 963 2612 judiciis,
989 2517 1145 2614 disciplina
1163 2515 1305 2616 militari,
1331 2525 1499 2594 armorum'
1513 2453 1703 2622 generibus,

432 2621 559 2708 studiis,
586 2616 722 2710 vestitu,
741 2629 911 2716 'corporum
927 2615 1058 2698 habita'
1079 2617 1182 2700 vidtur,
1200 2620 1303 2710 ‘animi
1322 2617 1490 2708 moribus,
1525 2613 1704 2721 conjugiis,

353 2799 355 2806 ,
432 2715 619 2801 virtuibus,
644 2714 865 2801 biriis‚bellica
880 2712 1084 2800 forumdine,
1110 2711 1257 2788 institutis
1275 2718 1307 2785 δι
1324 2713 1603 2811 consuetudinibus
1618 2723 1703 2808 aliis,

433 2815 584 2888 summam
600 2810 690 2886 fuisse
706 2817 849 2910 gentium
867 2807 1050 2908 Hispanias,
1076 2809 1214 2897 Gallias,
1241 2809 1446 2900 Germanias,
1473 2821 1506 2886 dt
1525 2813 1644 2888 insulas
1653 2826 1705 2890 A·

460 2915 611 2984 utlonarcs
637 2911 807 2980 colentium
832 2907 1085 2996 similitudinem,
1112 2929 1148 2982 ue
1174 2933 1243 3007 quar
1260 2909 1298 2980 de
1314 2907 1488 3004 Lusitanis,
1515 2912 1705 3001 Celtiberis,

435 2937 601 3102 Gautabris
623 3004 750 3104 aliisque
767 3007 816 3076 Hi
851 3008 944 3087 anicae
967 3009 1103 3111 nationis
1119 3007 1245 3108 populis
1269 3007 1428 3080 traduntur
1446 3035 1463 3080 a
1480 3005 1704 3108 scriptoribus,

434 3113 469 3179 e'a
491 3109 596 3178 oinnia
612 3107 706 3174 etiam
719 3106 804 3175 inter
816 3002 1012 3174 balluarum
1026 3103 1355 3200 Germanicarumque
1364 3148 1384 3191 ‚·
1400 3103 1431 3178 h.
1455 3130 1481 3176 e.
1510 3107 1707 3182 Celticarum

434 3208 576 3304 pennam
598 3203 653 3272 alia
671 3203 832 3293 ratesponae
854 3199 943 3285 fuisse
957 3195 1143 3286 obseivara,
1177 3203 1312 3272 minimo
1329 3205 1460 3368 nepotio
1476 3204 1706 3374 docerispoffit.

433 3305 548 3374 i’ra'rrer
570 3295 1075 3398 Senecae²;·audroris¹grav1liirrii,
1103 3302 1158 3398 qui
1178 3297 1325 3392 Cinsolar.
1343 3327 1364 3369 a
1401 3293 1566 3372 Helw'ar'n¹
1593 3303 1708 3392 cribir,

433 3403 608 3498 Pyrenaeum
624 3403 684 3464 neri
707 3397 858 3488 inhiiurffe
880 3403 1103 3466 Germanorum
1128 3399 1292 3488 tranfirm,
1317 3399 1551 3490 austeritatem,
1580 3401 1708 3474 testatur

437 3497 475 3569 de
490 3493 724 3565 Germanorum
742 3491 1028 3566 cis-Rhenanorum
1045 3517 1100 3589 per
1114 3492 1299 3590 Hispaniam
1313 3491 1376 3570 save
1393 3498 1526 3568 coloniis
1543 3495 1708 3571 liteinco-

437 3596 502 3666 latu
523 3593 579 3676 diu
597 3613 666 3662 ante
683 3597 857 3662 Poenorum
875 3618 911 3662 ex
931 3589 1041 3662 Africa
1063 3594 1225 3680 trajechrm
1246 3595 1428 3676 (nonenim
1447 3595 1709 3670 commemorabo

436 3695 564 3772 conam,
590 3710 755 3788 antequam
770 3685 912 3778 adsociati
933 3687 1091 3770 Cimbris,
1102 3685 1275 3784 transcensis
1291 3689 1447 3794 Alpibus,
1458 3695 1710 3785 italiamcis-Pa-

437 3790 546 3860 denam
564 3787 802 3884 po'p'ul'arermtr,
828 3787 1059 3886 expedili'onem
1077 3783 1110 3856 in
1124 3775 1306 3886 Hispaniam
1317 3795 1368 3876 ,δέ
1384 3774 1509 3861 mosam
1518 3793 1709 3892 aliquantam

398 3911 511 4132 ρ
528 3883 588 3955 suis
602 3881 856 3983 consanguineis,
885 3879 946 3986 qua
961 3879 1081 3958 fastum
1094 3881 1156 3956 suit
1165 3937 1176 3972 ,
1190 3879 1238 3955 ‘itt
1253 3883 1462 3979 mnose'rius,
1488 3915 1584 3988 quam
1593 3892 1710 3961 Romae

371 4003 427 4156 ‘pp
537 4059 540 4066 ,
1616 4009 1710 4086 puta·

395 4591 604 4672 *W*-

325 4645 352 4694 ι..
367 4637 595 4720 ύῗῦὶῆςῆἡιῆᾋ
613 4677 624 4688 ,-
635 4665 649 4682 ,ι

488 4702 491 4708 ’
533 4687 648 4725 '‘fif-luit..
665 4717 669 4722 .
