3658 4728
326 215 329 225 ·
424 177 1215 272 Historrco-Trrrouoerea.
1352 223 1433 310 341

169 321 340 398 Christum
354 325 404 399 die
429 327 519 420 Jovis
542 319 658 420 passum
674 323 819 396 assereret.
870 324 921 394 Sic
946 349 985 395 ue
1002 325 1204 402 §acrosancta
1219 335 1384 432 Scriptura
1400 349 1435 412 δι

172 423 372 590 simiel&
395 421 528 494 ltilloriae
543 419 646 492 ordini
671 423 717 498 vis
733 417 894 492 inferenda
913 351 990 507 silit,
1018 444 1053 492 ut
1068 421 1210 498 insanum
1226 429 1308 504 illud
1323 435 1435 528 {upupa

240 523 366 592 ilirerur.

220 619 308 689 Feria
320 637 426 715 quarta
442 615 494 688 seu
510 615 559 688 die
576 617 728 688 Mercurii
746 613 890 686 Christus
906 613 1076 711 paffionem
1093 615 1178 692 suam
1202 628 1263 712 jam
1286 629 1437 726 ingruen-

169 733 235 784 tem
249 710 406 810 discipulis
430 716 619 811 praenunciat
642 712 768 784 Matth.
785 716 996 797 XXV1,1.2.
1023 713 1239 790 (3harattercm
1267 732 1434 820 temporis,

172 835 240 908 quo
257 812 288 882 id
303 809 421 883 sudium
435 808 600 898 est,verba
611 807 729 882 christi
743 810 922 880 continent:
940 809 1032 878 dilala
1050 811 1095 878 ὅτι
1110 813 1194 901 paral
1209 815 1261 884 δύο
1278 823 1383 912 ἡμέρας
1400 827 1437 896 τὰ

165 908 417 1006 -nalpayr‘rcrau
443 911 477 979 Si
493 910 577 980 enim
592 904 663 1002 poll
673 904 803 979 biduum
822 928 889 974 tum
898 902 1010 975 Pascha
1018 905 1159 992 inllatet,
1177 917 1433 1002 cujusl'arrsc'evc

168 1003 236 1077 dies
248 1010 397 1093 Venetis,
408 1029 601 1102 magumque
609 1004 675 1075 dies
683 999 1045 1098 Azymorumsabbatum
1054 1001 1133 1090 suit,
1144 1011 1308 1106 urliquido
1316 1017 1433 1109 proba-

175 1122 244 1172 tum
262 1101 325 1192 est,
353 1103 432 1176 banc
445 1106 580 1172 omnino
598 1098 707 1172 feriam
724 1121 865 1198 quartam
879 1094 1020 1168 exstitisse
1029 1103 1183 1174 necessum
1193 1107 1253 1188 est,
1264 1112 1352 1205 quod
1362 1140 1438 1186 mox
1590 1130 1594 1136 ’

170 1199 301 1269 ulterius
314 1198 455 1298 patescet.
505 1199 690 1295 Priusquam
706 1219 810 1267 aurern
834 1191 979 1264 Christus
993 1196 1030 1267 de
1046 1221 1147 1270 morte
1163 1199 1214 1273 sua
1240 1202 1432 1302 loqueretur,

169 1297 329 1390 prolixum
345 1299 435 1369 illum
450 1292 623 1367 sermonem
640 1295 677 1366 de
690 1289 878 1364 desolatione
896 1293 1001 1386 templi
1019 1318 1053 1362 ac
1063 1293 1167 1382 urbis,
1193 1296 1433 1399 fignisqucltanc

167 1390 382 1478 antecessoris,
407 1415 444 1464 ur
458 1399 491 1466 &
511 1392 549 1464 de
563 1393 678 1461 ultimo
695 1387 751 1459 suo
766 1389 917 1471 adventu,
943 1395 1072 1484 ejusque
1086 1392 1433 1490 prasagiis‚eodemdie

166 1483 303 1558 habuisse
318 1490 454 1576 videtur,
479 1515 562 1588 quan
586 1513 658 1558 uam
676 1488 727 1556 alii
741 1511 816 1556 cum
834 1481 1006 1582 antegressa:
1022 1479 1104 1556 seria
1131 1495 1226 1562 tertiae
1251 1491 1431 1572 adscribant.

167 1584 255 1654 Nam
271 1584 493 1684 discipulorum
509 1611 577 1684 quae
606 1580 798 1680 ioadJesum
808 1583 957 1652 inmoute
964 1581 1130 1654 Olivamm
1139 1584 1294 1662 sedentem
1302 1596 1431 1667 March.

163 1685 295 1753 XXIV.
305 1709 340 1758 v.
354 1711 384 1780 3.
402 1691 515 1755 Marc.
526 1687 628 1766 XIII,
641 1706 671 1778 3.
689 1704 758 1778 quae
773 1675 966 1750 occasionem
983 1674 1032 1748 isti
1047 1677 1192 1754 discursui
1208 1684 1309 1772 dedit,
1320 1692 1431 1764 visca-

163 1775 239 1848 dtm
254 1780 305 1851 illa
321 1782 440 1880 vespera
455 1781 608 1879 contigit,
634 1801 727 1875 quse
744 1775 911 1873 templo&
929 1772 1005 1844 urbe
1022 1779 1126 1848 exivit.
1179 1781 1266 1852 Cum
1276 1787 1359 1856 enim
1368 1785 1429 1860 sta-

168 1876 228 1946 tim
242 1876 280 1948 ad
294 1880 422 1952 eandem
435 1876 630 1976 responderet
648 1871 810 1958 Christus,
835 1872 942 1940 omnia
965 1871 1016 1941 illa
1038 1878 1192 1946 continuo
1213 1880 1321 1952 ordine
1337 1881 1429 1956 disci·
1580 1901 1582 1906 ’

165 1975 248 2068 pulis
265 1973 443 2074 proposuit,
473 2001 542 2075 quae
559 1997 614 2086 cap
638 1973 771 2046 .ther
782 1984 830 2064 Q*
845 1969 950 2038 XXV.
969 1969 1097 2066 integris
1115 1971 1281 2048 Mattheus
1289 1985 1429 2065 καθεξῆς

167 2093 402 2144 commemorat
427 2129 430 2136 .
453 2080 503 2146 At
520 1994 685 2144 ebutium
697 2064 754 2139 sub
770 2095 789 2140 v
807 2089 924 2234 [ἔξω
940 2063 1100 2137 demume
1124 2067 1250 2159 relsum,
1268 2078 1427 2152 mndiuin

892 2187 941 2232 am
967 2165 1049 2248 iret,
1083 2165 1182 2236 donec
1208 2171 1347 2246 universa
1370 2174 1426 2248 ista

165 2266 316 2359 explicare
333 2267 495 2362 potuisset,
527 2271 579 2340 vix
595 2292 632 2339 ve
650 2267 657 2282 '
672 2265 756 2336 imile
770 2280 903 2357 apparet.
925 2260 1001 2332 Nec
1018 2254 1183 2356 discipulos
1197 2263 1359 2342 christum
1376 2294 1427 2342 to·

160 2361 227 2431 tius
242 2360 305 2434 diei
320 2361 477 2436 laboribus
493 2361 714 2461 defatigatum,
738 2365 864 2456 jamque
880 2352 1059 2428 refectionis
1073 2357 1220 2432 desiderio
1244 2362 1424 2442 Bethaniam

164 2477 366 2554 pergentem,
391 2466 469 2534 tanti
487 2463 642 2536 momenti
660 2455 830 2557 questione
843 2451 1003 2532 detinuisse
1018 2452 1178 2550 probabile
1184 2455 1249 2533 esta
1265 2466 1337 2533 lmo
1346 2489 1425 2537 con-

159 2556 259 2633 nexio
273 2562 454 2630 narrationis
471 2555 613 2631 Mattbari
629 2582 696 2628 non
709 2551 840 2625 obscure
855 2547 1007 2638 ostendit,
1034 2550 1195 2628 Christum
1207 2553 1426 2636 sermontsltos

162 2645 241 2720 feria
259 2675 366 2749 quarta
381 2652 534 2743 habuisse,
558 2654 669 2731 eodem
685 2675 799 2748 nempe
815 2649 882 2737 die,
916 2673 984 2746 quo
1006 2647 1175 2746 pasbonem
1201 2649 1289 2726 suam
1315 2660 1425 2753 pracli-

161 2747 228 2831 xit,
254 2755 287 2820 δι
306 2777 373 2848 quo
387 2754 534 2826 ultimum
550 2754 588 2826 de
603 2750 672 2849 ipso
686 2747 836 2845 capiendo
851 2747 1015 2818 confilium
1029 2748 1184 2843 Primores
1199 2755 1310 2848 populi
1326 2757 1426 2827 inive-

158 2865 243 2916 tunt.
293 2849 386 2920 Dicit
402 2852 487 2922 enim
501 2878 527 2924 c.
537 2853 659 2937 XXVI,
675 2874 703 2919 1.
728 2853 771 2917 151
779 2847 903 2939 sadum
916 2845 971 2939 est,
1004 2867 1073 2912 cum
1096 2849 1311 2940 confitmmaeffet
1332 2851 1425 2946 Jeficr

156 2946 423 3036 amnessermoner
438 2948 492 3020 hos
522 2958 650 3042 (nempe
677 2942 801 3017 duobus
825 2965 912 3036 capp.
936 2941 1087 3035 proximis
1112 2941 1313 3038 descriptos)
1340 2949 1425 3018 dixit

159 3034 320 3132 discipulis
326 3041 412 3136 ficis:
430 3047 523 3137 scitis
557 3049 615 3113 uod
627 3042 692 3139 post
705 3041 781 3110 claros
795 3037 862 3106 dies
878 3037 996 3130 Pascha
1002 3039 1053 3130 fit.
1103 3040 1212 3108 lunuit
1236 3039 1423 3132 Mattheus,

161 3131 344 3223 Christum,
369 3139 460 3210 simul
474 3166 508 3212 ac
524 3072 695 3213 absolvisset
711 3133 913 3233 precedentes
927 3128 1101 3215 sermones,
1127 3133 1239 3236 eodem
1268 3157 1421 3234 tempore,

159 3231 272 3322 exigua
285 3233 391 3308 saltem
407 3239 543 3322 momla,
570 3237 669 3336 qualis
686 3233 818 3304 mutami
831 3230 980 3300 orationis
1003 3251 1223 3324 argumentum
1247 3240 1422 3330 congruit,

160 3325 338 3418 interjeda,
364 3331 533 3429 palsronem
547 3330 631 3404 suam
643 3329 850 3428 praenunciare
866 3321 999 3420 eoepisse.
1048 3325 1150 3396 Addit
1172 3351 1303 3428 quoquc
1319 3329 1421 3408 statim

157 3446 191 3492 v.
207 3448 262 3519 34.
282 3431 371 3524 quod
389 3432 598 3526 riarmempe
615 3454 691 3501 mox
704 3425 816 3498 eodem
831 3419 1102 3510 diemvvlstrtav
1119 3422 1420 3510 manutenebat

157 3519 184 3586 δι
199 3523 345 3613 α’ςχιιρὲις
360 3533 422 3602 διε.
473 3529 583 3600 Nimis
599 3521 729 3623 proinde
746 3518 899 3596 exorbitat
913 3519 1068 3616 Langius,
1093 3520 1168 3590 dum
1185 3521 1263 3596 hant
1290 3551 1357 3621 quo
1381 3553 1421 3599 ue

157 3621 346 3698 contionem
362 3624 400 3696 de
416 3623 481 3698 fine
499 3619 792 3718 Hierosolymorum
808 3624 841 3690 δι
858 3613 953 3686 seculi
967 3615 1003 3686 ad
1019 3612 1126 3688 feriam
1145 3617 1310 3692 secundam
1324 3553 1420 3696 resen

154 3731 191 3810 p·
208 3738 290 3808 442.
341 3724 427 3794 Nam
444 3719 519 3794 seria
543 3743 650 3820 quarta
666 3719 821 3790 matutino
842 3735 1002 3810 ternpore,
1027 3738 1101 3786 curn
1118 3713 1346 3812 Chrisluspost
1372 3717 1423 3790 so

158 3831 271 3892 mnum
288 3839 413 3919 captum
428 3820 462 3896 iu
479 3841 588 3896 monte
602 3818 725 3920 Oliveti
741 3809 1067 3982 confideretpltmus
1082 3809 1104 3890 s
1121 3821 1181 3910 irps
1197 3817 1420 3982 M‘'⁶·{.'s'.²·

921 3993 924 4002 Α
965 3931 986 3978 u
1015 3931 1031 4006 3
1207 3945 1210 3952 .
1290 3937 1319 4012 3.
1352 3936 1422 3985 rcr-

165 2189 275 2238 monte
290 2169 410 2244 Oliveti
426 2169 554 2257 basille,
579 2191 746 2338 antpppuam
761 2167 806 2236 Bt
