3658 4726
400 219 490 332 '460
662 217 779 304 Cur.
809 223 1015 306 Dnunrus
1048 219 1118 304 Du
1149 227 1265 306 cius.
1298 217 1443 304 Antis.

406 358 457 432 vel
481 358 665 454 conferrere
687 381 757 432 nus
775 357 928 457 posterior
952 361 1077 446 maluit,
1125 375 1197 442 uani
1215 365 1370 432 Fertne:
1400 355 1441 430 ste
1459 359 1678 454 Pinguefee'ere

409 463 444 524 &
460 460 658 552 Impinguare
677 457 710 528 in
725 459 833 528 locum
849 461 889 525 eti
904 460 1059 553 Pinguare
1073 387 1245 530 subierunt.
1270 458 1344 530 Nee
1358 453 1501 528 dicebant
1518 453 1679 542 Herdere,

411 547 462 621 scd
480 551 686 638 Prehendere3
710 574 746 623 ut
764 577 822 623 nee
837 551 972 622 Fendere
987 552 1037 625 sed
1051 553 1220 651 Offendeee.
1246 558 1461 638 Contemnere,
1482 551 1583 624 tritius
1593 548 1679 638 fuit,

436 671 509 717 uam
526 652 681 720 Temnere.

345 769 350 788 ·
412 671 436 743 q
460 745 504 814 Et
525 740 654 815 fuerunt
676 743 754 817 adeo
768 746 913 820 vecordes
932 745 1221 820 Grammaticorum
1243 744 1319 832 filii,
1344 767 1381 816 ut
1397 744 1561 815 maluerint
1575 743 1680 837 Figu-

410 861 476 911 rum
498 839 617 938 fingere
634 849 668 914 δι
689 845 880 940 excogitare,
905 865 978 938 puta
999 841 1196 940 Apbaettsm,
1222 865 1318 941 quam
1337 841 1400 914 hoc
1416 838 1558 912 Verbum
1577 839 1681 908 Radi-

411 959 483 1007 cem
497 932 678 1040 agnoscere,
703 964 770 1036 quo
788 963 890 1009 tamen
905 941 1059 1036 Virgilius
1074 950 1115 1010 6..
1126 947 1219 1016 eAEn
1233 935 1313 1010 ttsus.
1364 940 1456 1029 Quin
1471 943 1506 1006 &
1519 959 1561 1006 eo
1577 933 1618 1006 us
1636 959 1680 1008 ue

411 1037 565 1132 progrellu
580 1029 643 1104 suit
657 1035 854 1131 quorundam
870 1033 931 1104 hoc
940 1034 1044 1106 seculo
1056 1061 1141 1133 ,quo
1150 1035 1240 1107 bonae
1249 1037 1356 1108 litterae
1363 1055 1455 1131 caput
1463 1035 1578 1128 erigere
1586 952 1680 1104 subja

267 1193 273 1208 ,
344 1163 346 1168 ·
411 1151 575 1214 nuscum,
600 1131 742 1217 arrdacia,
768 1153 803 1201 ut
826 1133 917 1201 etiam
934 1157 994 1227 pne
1020 1131 1216 1230 Compositis
1240 1132 1381 1230 quedam
1401 1131 1560 1226 Simplicia
1585 1128 1679 1223 plane

412 1227 582 1314 rejecerint.
609 1227 707 1316 Quod
723 1225 832 1298 Verbo
848 1232 977 1297 Inanire
991 1224 1066 1301 facit
1080 1226 1258 1313 Insubrum,
1275 1229 1351 1301 dum
1363 1226 1485 1299 scribit:
1512 1227 1576 1320 E'ss
1583 1244 1680 1294 tertre-

415 1327 536 1392 rerinm
557 1322 682 1392 viderur
704 1344 802 1394 certas
818 1349 907 1394 voces
931 1328 1024 1424 longa
1038 1326 1245 1419 confitetudine
1260 1325 1417 1426 refierpetee
1437 1342 1527 1392 extra
1539 1320 1681 1392 ordinent

414 1416 551 1517 redigere
568 1423 663 1505 velle,
688 1419 797 1490 videor
817 1439 919 1492 tamen
935 1425 1014 1492 mihi
1023 1427 1089 1520 fine
1103 1429 1183 1494 vitio
1196 1442 1250 1495 eret
1262 1441 1336 1493 nete
1351 1423 1461 1518 alique
1475 1423 1681 1508 temeritatis,

415 1511 498 1583 hene
512 1539 616 1586 vecern
632 1517 753 1588 Inanire
767 1523 874 1588 merito
889 1521 1048 1590 excludere
1058 1540 1131 1616 ,pre
1143 1546 1204 1618 qno
1219 1519 1315 1614 censer
1327 1519 1494 1590 Enbtanirt
1501 1514 1678 1586 dicendum.

415 1611 497 1680 Haec
514 1611 572 1680 ille.
599 1613 771 1710 Egregium
789 1611 935 1710 profesio
951 1613 1184 1702 Censorem,&
1199 1619 1317 1688 Latine
1326 1619 1387 1686 Lin
1465 1609 1681 1686 Columnam!

416 1704 644 1801 Composuum
657 1711 852 1797 admittit,&
869 1713 1006 1806 Simplex
1021 1713 1172 1800 excludit,
1206 1738 1249 1783 uo
1266 1715 1367 1784 Latin'
1395 1706 1681 1782 imitamenustau·

420 1803 714 1890 fiores,l.ucretius
726 1806 780 1876 lib.
792 1817 866 1878 6.u.
882 1814 1028 1904 1003.&
1041 1827 1104 1880 102
1132 1862 1141 1880 .
1167 1819 1192 1884 P
1222 1831 1293 1881 utus
1307 1809 1386 1880 Rnd.
1397 1832 1513 1903 2.4.v.
1528 1803 1684 1902 5.utl’el-

418 1901 533 1969 metius
547 1902 631 1996 legit.
652 1904 787 1974 Tertull.
801 1904 840 1976 de
860 1905 1025 1976 Pudicitia.
1058 1910 1079 1977 S
1138 1909 1298 1978 mittemus
1310 1905 1414 1980 hosce.-

468 1995 575 2069 Graeci
592 1997 702 2070 eodem
719 2000 818 2074 modo
833 2004 982 2072 diarius
999 2000 1120 2101 ubique
1134 2007 1302 2102 ingenmt,
1327 2029 1400 2074 cum
1417 1997 1685 2095 risimusrmplex

298 2166 303 2174 ,
418 2091 475 2161 vix
499 2097 675 2189 reperiatur.
708 2095 861 2170 Germani
885 2102 998 2194 pariter
1012 2098 1121 2195 §iustu
1133 2104 1331 2196 respuimus,¹
1344 2097 1480 2171 Rusticis
1492 2097 1688 2194 linquendo,

419 2184 589 2282 ditbloltu!
615 2194 687 2266 licet
700 2193 820 2266 diverso
833 2194 872 2266 ab
886 2195 947 2267 boc
961 2195 1065 2282 sensu,
1075 2200 1251 2268 retinemus.
1276 2200 1369 2269 Talia
1382 2198 1468 2291 plura
1481 2189 1686 2288 diligentibus

419 2281 581 2360 observare
606 2290 704 2360 licent.
730 2295 825 2361 Prius
848 2313 952 2364 temen
975 2297 1141 2386 Simplicia
1157 2297 1229 2388 fere
1242 2319 1298 2395 pre
1315 2296 1491 2391 Compefitis
1504 2287 1684 2374 malebant,

420 2382 527 2478 inquit
549 2386 717 2457 Palmerius
739 2390 901 2484 Spicilegio
915 2387 957 2458 ad
977 2389 1173 2482 Sallustium,
1190 2415 1266 2491 pag.
1282 2413 1353 2486 503.
1376 2390 1463 2461 Edit.
1479 2391 1612 2462 Grnreri.
1638 2388 1686 2458 Et

420 2484 536 2549 Pareus
562 2483 669 2550 Indice
693 2489 902 2558 Lucretianoe
929 2491 1051 2557 Veteres
1071 2487 1172 2558 verbis
1188 2497 1335 2586 originis,
1361 2485 1519 2559 (rendit
1535 2512 1596 2556 nen
1603 2488 1686 2581 jen-

287 2605 293 2616 ·
421 2572 478 2640 siis
490 2577 533 2665 ress
540 2578 612 2665 fient
623 2581 777 2669 plurimis.
803 2583 890 2652 Hinc
906 2589 943 2651 P.
961 2585 1123 2656 Victorius
1138 2584 1174 2656 ad
1182 2585 1276 2684 Epist.
1291 2607 1342 2655 12.
1353 2587 1444 2654 Caelii
1450 2634 1462 2673 ‚
1487 2607 1556 2681 quae
1570 2578 1684 2654 inserta

420 2665 466 2736 est
480 2667 534 2737 len
548 2671 578 2738 8.
589 2678 643 2768 Ep.
652 2672 695 2740 ad
708 2679 827 2744 Frenis.
852 2682 1008 2747 Ciceronis
1023 2701 1126 2765 notat,
1138 2687 1286 2755 Veterem
1300 2681 1454 2754 Codieem
1463 2680 1611 2750 Scrnduit
1619 2703 1682 2774 pro

422 2763 604 2836 Excanduit
619 2765 728 2840 lubere
738 2823 748 2854 ,
758 2777 792 2842 δι
808 2773 907 2845 addit:
933 2773 1063 2870 Qrdfi
1079 2781 1279 2877 Compefiturr
1297 2777 1424 2848 verbm
1439 2784 1473 2848 in
1489 2778 1537 2870 ufir
1552 2776 1610 2868 est,
1620 2798 1682 2844 non

422 2859 463 2951 est
488 2864 664 2934 mirandum
680 2866 857 2965 quandoque
871 2872 1028 2970 Simplex,
1053 2875 1105 2966 etsi
1119 2881 1222 2944 rarius
1237 2880 1433 2961 invenietne,
1458 2899 1480 2944 a
1500 2875 1592 2942 Celio
1602 2893 1683 2969 pre-

416 2959 524 3050 sertim
538 2963 710 3061 rfierprtum
717 2965 822 3060 fnisse.
848 2968 1091 3042 Horumnutem
1103 2969 1364 3068 Compositorum
1371 2974 1502 3067 plurima
1510 2972 1684 3042 etiantnum

423 3051 601 3151 supersunt,
626 3083 763 3158 quorum
771 3063 928 3158 Simplicia
937 3064 1046 3137 nullibi
1054 3064 1163 3161 presto
1169 3097 1179 3152 3
1197 3092 1251 3154 ut3
1262 3073 1429 3165 Peragere3
1445 3073 1595 3151 lenitate,
1606 3071 1687 3136 Pre-

423 3155 719 3252 ritrre51ndagare,
732 3160 922 3254 Perdrgare,
933 3162 1013 3257 apud
1025 3164 1186 3236 Claudian.
1198 3169 1388 3238 Momentum
1398 3168 1420 3234 l.
1434 3189 1464 3235 2.
1477 3165 1515 3236 de
1515 3163 1599 3258 statu
1608 3167 1686 3232 eni-

424 3270 479 3314 mn
488 3271 514 3314 c.
528 3273 558 3343 3·
572 3257 636 3323 &e
670 3258 752 3344 Quae
761 3259 875 3326 omnia
887 3256 1115 3354 diligentissime
1124 3263 1250 3333 eolledia
1257 3263 1422 3334 industrius
1430 3261 1534 3336 noster
1542 3258 1687 3332 Zechen'·

425 3340 593 3416 dorffiutin
601 3347 764 3443 Gymnasti
773 3350 818 3422 lui
827 3350 1159 3428 lndicibusexhibebit
1177 3362 1309 3431 Fovernt
1318 3359 1417 3432 modo
1425 3360 1571 3432 Numina
1580 3354 1688 3428 Coeli!
1812 3389 1813 3404 2

476 3439 627 3512 Ceterum
644 3445 750 3518 medie
765 3450 940 3520 Latinitatis
960 3455 1130 3549 Scriptores
1142 3459 1297 3526 Verentm
1311 3453 1448 3554 vestigiis
1463 3453 1602 3528 incedere
1617 3477 1688 3524 oon

424 3557 495 3604 raro
508 3560 665 3624 amarunt,
692 3542 848 3637 Simplicis
863 3542 1037 3642 ustupundo
1055 3550 1143 3619 Com
1166 3549 1407 3639 ositorumvice,
1432 3547 1691 3624 notantectsau-

428 3627 516 3741 bono
535 3633 572 3705 ad
585 3637 796 3730 Spanianum
821 3663 856 3712 ut
874 3647 964 3712 Zeno
977 3575 1184 3733 Veronensb
1206 3653 1345 3722 Avaritia
1359 3653 1544 3749 plerumque
1556 3651 1626 3746 plus
1634 3669 1691 3719 tu·

427 3725 464 3796 lit
486 3752 593 3816 avaro,
619 3756 714 3830 quam
740 3733 872 3829 prestet,
897 3741 964 3811 i..e.
979 3739 1113 3814 abstulit.
1138 3743 1266 3816 Lucifer
1284 3747 1497 3833 cenitensi
1523 3746 1613 3820 Cum
1624 3744 1690 3820 str-

430 3823 474 3894 tis
489 3829 673 3919 patrimonia
688 3830 803 3906 tuleris.
826 3839 934 3908 Pilare
951 3836 1032 3934 apud
1050 3843 1278 3932 Ammianum,
1302 3867 1363 3943 pro
1377 3849 1547 3946 Expelere..
1563 3847 1567 3853 ’
1583 3941 1616 4014 C

1599 3975 1602 3980 .
1639 3961 1686 4013 Δ,
